% Encoding: UTF-8

@Article{Fontana2009,
  author      = {Giuseppe Fontana},
  title       = {Whither New Consensus Macroeconomics? The Role of Government and Fiscal Policy in Modern Macroeconomics},
  journal     = {Levy Economics Institute of Bard College},
  year        = {2009},
  number      = {Working Paper No. 563},
  groups      = {Teoria Heterodoxa, Política fiscal mono},
  institution = {Working Paper n. 563, Levy Economics Institute of Bard College},
}

@Article{Blanchard2010,
  author    = {Blanchard, Olivier and Dell’Ariccia, Giovanni and Mauro, Paolo},
  title     = {Rethinking macroeconomic policy},
  journal   = {Journal of Money, Credit and Banking},
  year      = {2010},
  volume    = {42},
  number    = {s1},
  pages     = {199--215},
  groups    = {Política fiscal mono, Mudanças com a crise},
  publisher = {Wiley Online Library},
}

@Misc{Blanchard2013,
  author    = {Blanchard, Olivier and Dell'Ariccia, Giovanni and Mauro, Paolo},
  title     = {Rethinking macroeconomic policy: Getting granular},
  year      = {2013},
  groups    = {Política fiscal mono, Mudanças com a crise},
  publisher = {O. Blanchard, G. Dell'Ariccia, P. Mauro.-31 May},
}

@Book{Blanchard2013a,
  title     = {Rethinking macro policy II: getting granular},
  publisher = {International Monetary Fund},
  year      = {2013},
  author    = {Blanchard, Olivier J and Dell'Ariccia, Mr Giovanni and Mauro, Mr Paolo},
  groups    = {Política fiscal mono, Mudanças com a crise},
}

@Article{Pastore1995,
  author  = {Pastore, Affonso Celso},
  title   = {D{\'e}ficit P{\'u}blico, a Sustentabilidade do Crescimento das D{\'\i}vidas Interna e Externa, Senhoriagem e Infla{\c{c}}{\~a}o: Uma An{\'a}lise do Regime Monet{\'a}rio Brasileiro.},
  journal = {Brazilian Review of Econometrics},
  year    = {1995},
  volume  = {14},
  number  = {2},
  pages   = {177--234},
  groups  = {Política fiscal mono, Dívida pública},
}

@Article{Pastore1996,
  author  = {Pastore, Affonso Celso},
  title   = {Por que a pol{\'\i}tica monet{\'a}ria perde efic{\'a}cia?},
  journal = {Revista Brasileira de Economia},
  year    = {1996},
  volume  = {50},
  number  = {3},
  pages   = {281--311},
  groups  = {Política fiscal mono, Dívida pública},
}

@Article{DaSilva1993,
  author = {Da Silva, Sergio},
  title  = {Microfundamentos da Macroeconomia},
  year   = {1993},
  groups = {Política fiscal mono, Microfundamentos},
}

@Article{Jardim2009,
  author    = {Jardim, Eduardo Ferreira and Lichand, Guilherme and Gala, Paulo},
  title     = {Microfundamentos da Macroeconomia: notas cr{\'\i}ticas},
  journal   = {Estudos Econ{\^o}micos (S{\~a}o Paulo)},
  year      = {2009},
  volume    = {39},
  number    = {4},
  pages     = {851--871},
  groups    = {Política fiscal mono, Microfundamentos},
  publisher = {SciELO Brasil},
}

@Article{Cardim2009,
  author  = {Cardim, Fernando},
  title   = {N{\~a}o confundir gasto p{\'u}blico com d{\'e}ficit p{\'u}blico},
  journal = {ECONOMIA \& TECNOLOGIA},
  year    = {2009},
  groups  = {Política fiscal mono, Dívida pública},
}

@Article{lopreato2012milton,
  author  = {Lopreato, Francisco Luiz C},
  title   = {Milton Friedman e a efetividade da pol{\'\i}tica fiscal},
  journal = {Revista de Economia},
  year    = {2012},
  groups  = {Teoria ortodoxa},
}

@Article{lopreato2016,
  author  = {Lopreato, Francisco Luiz C},
  title   = {Um olhar sobre a pol{\'\i}tica fiscal recente},
  journal = {Economia e Sociedade},
  year    = {2016},
  volume  = {11},
  number  = {2},
  pages   = {279--304},
  groups  = {Mudanças com a crise},
}

@Article{lopreato2006,
  author  = {Lopreato, Francisco Luiz Cazeiro},
  title   = {O papel da pol{\'\i}tica fiscal: um exame da vis{\~a}o convencional},
  journal = {Texto para Discuss{\~a}o IE/UNICAMP n},
  year    = {2006},
  volume  = {119},
  groups  = {Teoria ortodoxa},
}

@Article{lopreato2015divida,
  author    = {Lopreato, Francisco Luiz C},
  title     = {D{\'\i}vida p{\'u}blica: o limiar de mudan{\c{c}}as?},
  year      = {2015},
  publisher = {Instituto de Pesquisa Econ{\^o}mica Aplicada (Ipea)},
}

@Article{serrano2016mito,
  author  = {Serrano, Franklin and Braga, J{\'u}lia},
  title   = {O mito da contra{\c{c}}{\~a}o fiscal expansionista nos EUA durante o governo Clinton},
  journal = {Economia e Sociedade},
  year    = {2016},
  volume  = {15},
  number  = {2},
  pages   = {213--239},
  groups  = {Teoria ortodoxa},
}

@Book{9780765613288,
  title     = {Empirical Post Keynesian Economics: Looking at the Real World},
  publisher = {M E SHARPE INC},
  year      = {2006},
  author    = {Holt, Richard P. F. and Pressman, Steven},
  isbn      = {076561328X},
  date      = {2006-10-11},
  ean       = {9780765613288},
  groups    = {Talvez},
  pagetotal = {340},
  url       = {http://www.ebook.de/de/product/5174359/richard_p_f_holt_steven_pressman_empirical_post_keynesian_economics_looking_at_the_real_world.html},
}

@Article{Montes_2012,
  author    = {Gabriel Caldas Montes and Romulo do Couto Alves},
  title     = {Teoria das finan{\c{c}}as funcionais e o papel da pol{\'{\i}}tica fiscal: uma cr{\'{\i}}tica p{\'{o}}s-keynesiana ao novo consenso macroecon{\^{o}}mico},
  journal   = {Revista de Economia Pol{\'{\i}}tica},
  year      = {2012},
  volume    = {32},
  number    = {4},
  pages     = {670--688},
  month     = {dec},
  doi       = {10.1590/s0101-31572012000400008},
  groups    = {Finanças funcionias},
  publisher = {{FapUNIFESP} ({SciELO})},
}

@Article{dos2016novo,
  author = {dos Santos, Fl{\'a}vio Arantes and Lopreato, Francisco Luiz Cazeiro},
  title  = {O novo consenso em macroeconomia no Brasil: a pol{\'\i}tica fiscal do Plano Real ao segundo Governo Lula},
  year   = {2016},
  groups = {Teoria ortodoxa},
}

@Article{lobogestao,
  author = {Lobo, Breno Santana and Oreiro, Jos{\'e} Luis},
  title  = {Gest{\~a}o da d{\'\i}vida p{\'u}blica em um modelo p{\'o}s-keynesiano macrodin{\^a}mico de simula{\c{c}}{\~a}o com consist{\^e}ncia entre estoques e fluxos: implica{\c{c}}{\~o}es para o caso brasileiro},
  groups = {SFC mono, Dívida pública},
}

@Article{deSouza2003endividamento,
  author  = {de{\ }Souza, Luiz Daniel Willcox},
  title   = {Endividamento for{\c{c}}ado, Big Government e implausibilidade de crise no capitalismo: um exerc{\'\i}cio a partir de um modelo de consist{\^e}ncia entre fluxos e estoques},
  journal = {Ensaios FEE},
  year    = {2003},
  volume  = {24},
  number  = {1},
  groups  = {SFC mono},
}

@TechReport{galbraith2011federal,
  author      = {Galbraith, James K},
  title       = {Is the Federal Debt Unsustainable?},
  institution = {Levy Economics Institute},
  year        = {2011},
  groups      = {Instituições internacionais},
}

@Book{jaramillo2016blind,
  title     = {The Blind Side of Public Debt Spikes},
  publisher = {International Monetary Fund},
  year      = {2016},
  author    = {Jaramillo, Laura and Mulas-Granados, Mr Carlos and Kimani, Elijah},
  groups    = {Instituições internacionais},
}

@Article{beck2016dissecting,
  author = {Beck-Friis, Peder and Willems, Tim},
  title  = {Dissecting Fiscal Multipliers under the Fiscal Theory of the Price Level with Observations on Monetary Financing},
  year   = {2016},
  groups = {Talvez},
}

@Article{leeper2016monetary,
  author = {Leeper, Eric M},
  title  = {Monetary-Fiscal Policy Interactions \& Fiscal Limits},
  year   = {2016},
  groups = {Teoria ortodoxa},
}

@TechReport{ehnts2016liquidity,
  author      = {Ehnts, Dirk H},
  title       = {Liquidity, insolvency and the state},
  institution = {Working Paper, Institute for International Political Economy Berlin},
  year        = {2016},
  groups      = {Dívida pública, (Neo) Chartalismo},
}

@TechReport{dabrowski2016advanced,
  author      = {Dabrowski, Marek},
  title       = {Are advanced economies at risk of falling into debt traps?},
  institution = {Bruegel},
  year        = {2016},
}

@Article{garga2016output,
  author = {Garga, Vaishali and Singh, Sanjay R},
  title  = {Output Hysteresis and Optimal Monetary Policy},
  year   = {2016},
}

@Book{gaspar2016macroeconomic,
  title     = {Macroeconomic Management When Policy Space is Constrained: The 3-C Approach to Economic Policy},
  publisher = {International Monetary Fund},
  year      = {2016},
  author    = {Gaspar, Vitor and Obstfeld, Mr Maurice and Sahay, Ms Ratna and Laxton, Mr Douglas},
  groups    = {Instituições internacionais},
}

@Article{taylor2016turning,
  author = {Taylor, John B},
  title  = {A Turning Point in American Fiscal Policy: Fiscal Stimulus or Structural Reform?},
  year   = {2016},
  groups = {Mudanças com a crise},
}

@Article{wray1998zero,
  author    = {Wray, L Randall},
  title     = {Zero unemployment and stable prices},
  journal   = {Journal of Economic Issues},
  year      = {1998},
  volume    = {32},
  number    = {2},
  pages     = {539--545},
  groups    = {MMT},
  publisher = {Taylor \& Francis},
}

@Article{wray2014state,
  author  = {Wray, L Randall},
  title   = {From the state theory of money to modern money theory: an alternative to economic orthodoxy},
  journal = {Levy Economics Institute, Working Papers Series},
  year    = {2014},
  groups  = {MMT},
}

@Book{wray1998understanding,
  title  = {Understanding modern money},
  author = {Wray, L Randall and others},
  volume = {11},
  groups = {MMT},
}

@InBook{wray2015modern,
  chapter   = {1. The Basics of Macroeconomic Accounting},
  pages     = {1--38},
  title     = {Modern Money Theory: A Primer on Macroeconomics for Sovereign Monetary Systems},
  publisher = {Springer},
  year      = {2015},
  author    = {Wray, L Randall},
  groups    = {MMT},
}

@Article{wray2008lessons,
  author    = {Wray, L Randall},
  title     = {Lessons from the subprime meltdown},
  journal   = {Challenge},
  year      = {2008},
  volume    = {51},
  number    = {2},
  pages     = {40--68},
  groups    = {MMT},
  publisher = {Taylor \& Francis},
}

@Article{colander1984keynes,
  author    = {Colander, David},
  title     = {Was Keynes a Keynesian or a Lernerian?},
  journal   = {Journal of Economic Literature},
  year      = {1984},
  volume    = {22},
  number    = {4},
  pages     = {1572--1575},
  groups    = {Lerner},
  publisher = {JSTOR},
}

@Article{lavoie2013monetary,
  author    = {Lavoie, Marc},
  title     = {The monetary and fiscal nexus of neo-chartalism: a friendly critique},
  journal   = {Journal of Economic Issues},
  year      = {2013},
  volume    = {47},
  number    = {1},
  pages     = {1--32},
  groups    = {(Neo) Chartalismo},
  publisher = {Taylor \& Francis},
}

@Book{Estadoempreg,
  title     = {O estado como empregador de última instância: uma abordagem a partir das finanças funcionais (Portuguese Edition)},
  publisher = {SciELO - Editora UNESP},
  year      = {2010},
  author    = {Guilherme da Rocha Bezerra Costa},
  isbn      = {978-85-7983-084-6},
  groups    = {MMT},
  url       = {https://www.amazon.com/estado-como-empregador-%C3%BAltima-inst%C3%A2ncia-ebook/dp/B00RZLGZ92%3FSubscriptionId%3D0JYN1NVW651KCA56C102%26tag%3Dtechkie-20%26linkCode%3Dxm2%26camp%3D2025%26creative%3D165953%26creativeASIN%3DB00RZLGZ92},
}

@Article{lerner1943functional,
  author    = {Lerner, Abba P},
  title     = {Functional finance and the federal debt},
  journal   = {Social research},
  year      = {1943},
  pages     = {38--51},
  groups    = {Lerner},
  publisher = {JSTOR},
}

@Article{forstater1998toward,
  author    = {Forstater, Mathew},
  title     = {Toward a New Instrumental Macroeconomics: Abba Lerner and Adolph Lowe on Economic Method, Theory, History, and Policy},
  year      = {1998},
  groups    = {Lerner},
  publisher = {Levy Economics Institute Working Paper},
}

@Article{de2009dois,
  author  = {de Oliveira Aggio, Gustavo and da Rocha, Marco Ant{\^o}nio},
  title   = {Dois momentos para a teoria cartalista da moeda--de Knapp a Goodhart},
  journal = {Revista EconomiA},
  year    = {2009},
  groups  = {(Neo) Chartalismo},
}

@Article{wray1997deficits,
  author    = {Wray, L Randall},
  title     = {Deficits, inflation, and monetary policy},
  journal   = {Journal of Post Keynesian Economics},
  year      = {1997},
  volume    = {19},
  number    = {4},
  pages     = {543--571},
  groups    = {MMT},
  publisher = {Taylor \& Francis},
}

@Article{Cesaratto_2016,
  author    = {Sergio Cesaratto},
  title     = {The state spends first: Logic, facts, fictions, open questions},
  journal   = {Journal of Post Keynesian Economics},
  year      = {2016},
  volume    = {39},
  number    = {1},
  pages     = {44--71},
  month     = {jan},
  doi       = {10.1080/01603477.2016.1147333},
  groups    = {(Neo) Chartalismo},
  publisher = {Informa {UK} Limited},
}

@Article{accoce2007monetary,
  author    = {Accoce, Jean-Vincent and Mouakil, Tarik},
  title     = {The monetary circuit approach: a stock-flow consistent model},
  journal   = {Money, Distribution and Economic Policy: Alternatives to Orthodox Macroeconomics},
  year      = {2007},
  pages     = {66--96},
  groups    = {SFC},
  publisher = {Edward Elgar Publishing},
}

@Article{lavoie2001kaleckian,
  author    = {Lavoie, Marc and Godley, Wynne},
  title     = {Kaleckian models of growth in a coherent stock-flow monetary framework: a Kaldorian view},
  journal   = {Journal of Post Keynesian Economics},
  year      = {2001},
  volume    = {24},
  number    = {2},
  pages     = {277--311},
  groups    = {Outros com SFC},
  publisher = {Taylor \& Francis},
}

@InProceedings{do2016financeirizaccao,
  author       = {Do Nascimento, Paulo Francisco and Silva, Antonio Carlos Macedo E and others},
  title        = {Financeiriza{\c{c}}{\~a}o e crescimento: alguns experimentos stock-flow consistent},
  booktitle    = {Anais do XLII Encontro Nacional de Economia [Proceedings of the 42ndd Brazilian Economics Meeting]},
  year         = {2016},
  number       = {085},
  organization = {ANPEC-Associa{\c{c}}{\~a}o Nacional dos Centros de P{\'o}sgradua{\c{c}}{\~a}o em Economia [Brazilian Association of Graduate Programs in Economics]},
  groups       = {Financeirização},
}

@PhdThesis{valencio2013macrodinamica,
  author = {VAL{\^E}NCIO, ARRIGO},
  title  = {MACRODIN{\^A}MICA P{\'O}S-KEYNESIANA, CONSIST{\^E}NCIA ENTRE FLUXOS E ESTOQUES E SIMULA{\c{C}}{\~A}O COMPUTACIONAL: REVIS{\~A}O E APRIMORAMENTO DE SARQUIS (2010).},
  school = {Universidade Federal de Vi{\c{c}}osa},
  year   = {2013},
  groups = {SFC},
}

@Article{sarquis2011modeloOre,
  author  = {Sarquis, Alexandre MF and Oreiro, Jos{\'e} Luis},
  title   = {Um Modelo Macrodin{\^a}mico P{\'o}s-Keynesiano de Consist{\^e}ncia entre Estoques e Fluxos para uma Economia Aberta},
  journal = {XXXIX Encontro Nacional de Economia-ANPEC},
  year    = {2011},
  groups  = {SFC},
}

@Article{caverzasi2013stock,
  author  = {Caverzasi, Eugenio and Godin, Antoine},
  title   = {Stock-flow consistent modeling through the ages},
  journal = {Levy Economics Institute of Bard College Working Paper},
  year    = {2013},
  number  = {745},
  groups  = {Componentes SFC},
}

@Article{sarquisdebate,
  author = {Sarquis, Alexandre Manir Figueiredo},
  title  = {O Debate Keynes--Cl{\'a}ssicos sobre os Determinantes da Taxa de Juros {\`a} Luz da Nova Literatura de Consist{\^e}ncia entre Estoques e Fluxos},
  groups = {Componentes SFC},
}

@Article{sarquis2011modelo,
  author = {Sarquis, Alexandre Manir Figueiredo},
  title  = {Um modelo macrodin{\^a}mico p{\'o}s-keynesiano com consist{\^e}ncia entre estoques e fluxos},
  year   = {2011},
}

@Article{papadimitriou2013levy,
  author  = {Papadimitriou, DB and Nikiforos, M and Zezza, G},
  title   = {A levy institute model for greece},
  journal = {Technical paper, Levi Economics Institute},
  year    = {2013},
  groups  = {Empíricos},
}

@PhdThesis{de2005modelos,
  author    = {de Souza, Luiz Daniel Willcox},
  title     = {Modelos de consistencia entre fluxos e estoques e aplica{\c{c}}{\~a}o para o caso brasileiro: uma possivel leitura critica},
  school    = {Instituto de Economia - Unicamp},
  year      = {2005},
  publisher = {Campinas, SP},
  review    = {ERRADO},
}

@TechReport{santos2007simplified,
  author      = {Dos{\ }Santos, Claudio H Dos and Zezza, Gennaro},
  title       = {A Simplified'Benchmark” Stock-flow Consistent (SFC) Post-Keynesian Growth Model},
  institution = {Levy Economics Institute},
  year        = {2007},
  groups      = {SFC},
}

@Article{do2012financeirizaccao,
  author    = {do Nascimento, Paulo Francisco and others},
  title     = {Financeiriza{\c{c}}{\~a}o na abordagem Stock-flow Consistent},
  year      = {2012},
  groups    = {Financeirização},
  publisher = {Campinas, SP:[},
}

@Article{dos2005simplified,
  author    = {Dos{\ }Santos, Claudio H and Zezza, Gennaro},
  title     = {A simplified stock-flow consistent Post-Keynesian growth model},
  year      = {2005},
  groups    = {Componentes SFC},
  publisher = {Levy Economics Institute Working Paper},
}

@Book{godley2012monetary,
  title     = {Monetary economics: an integrated approach to credit, money, income, production and wealth},
  publisher = {Springer},
  year      = {2012},
  author    = {Godley, Wynne and Lavoie, Marc},
  groups    = {SFC},
}

@Article{Valdecantos_2015,
  author    = {Sebastian Valdecantos and Gennaro Zezza},
  title     = {Reforming the international monetary system: a stock-flow-consistent approach},
  journal   = {Journal of Post Keynesian Economics},
  year      = {2015},
  volume    = {38},
  number    = {2},
  pages     = {167--191},
  month     = {oct},
  doi       = {10.1080/01603477.2015.1065679},
  groups    = {Empíricos},
  publisher = {Informa {UK} Limited},
}

@Book{2012,
  title     = {The Stock-Flow Consistent Approach},
  publisher = {Springer Nature},
  year      = {2012},
  editor    = {Marc Lavoie and Gennaro Zezza},
  doi       = {10.1057/9780230353848},
  groups    = {SFC},
}

@Article{Karsai_2015,
  author    = {Istvan Karsai and Katerina V. Thompson and Kären C. Nelson},
  title     = {Modelling and simulation: helping students acquire this skill using a Stock and Flow approach with {MathBench}},
  journal   = {Letters in Biomathematics},
  year      = {2015},
  volume    = {2},
  number    = {1},
  pages     = {1--12},
  month     = {jan},
  doi       = {10.1080/23737867.2015.1035348},
  groups    = {Empíricos},
  publisher = {Informa {UK} Limited},
}

@Article{Martin_2008,
  author    = {Bill Martin},
  title     = {Fiscal policy in a stock-flow consistent model: a comment},
  journal   = {Journal of Post Keynesian Economics},
  year      = {2008},
  volume    = {30},
  number    = {4},
  pages     = {649--668},
  month     = {jul},
  doi       = {10.2753/pke0160-3477300408},
  groups    = {Empíricos},
  publisher = {Informa {UK} Limited},
}

@Article{Dos_Santos,
  author    = {Claudio H. Dos Santos},
  title     = {A Stock-Flow Consistent General Framework for Formal Minskyan Analysis of Closed Economies},
  journal   = {{SSRN} Electronic Journal},
  doi       = {10.2139/ssrn.509124},
  groups    = {Outros com SFC},
  publisher = {Elsevier {BV}},
}

@Article{martins2016desalavancagem,
  author  = {Martins, {\'I}talo Pedrosa Gomes},
  title   = {Desalavancagem e pol{\'\i}tica fiscal em um modelo de consist{\^e}ncia entre fluxos e estoques (SFC)},
  journal = {Rio de Janeiro: Banco Nacional de Desenvolvimento Econ{\^o}mico e Social},
  year    = {2016},
  groups  = {Outros com SFC},
}

@Conference{leitedivida,
  author    = {Leite, Fabr{\'\i}cio Pitombo},
  title     = {Dívida pública e riqueza privada, déficit público e consumo autonônomo: uma nota explicativa sobre a consistência entre estoques e fluxos},
  booktitle = {III Encontro da Associação Keynesiana Brasileira},
  year      = {2010},
  groups    = {Componentes SFC},
}

@Article{chick1995there,
  author    = {Chick, Victoria},
  title     = {Is there a case for Post Keynesian Economics?},
  journal   = {Scottish Journal of Political Economy},
  year      = {1995},
  volume    = {42},
  number    = {1},
  pages     = {20--36},
  groups    = {Talvez, Teoria Heterodoxa},
  publisher = {Wiley Online Library},
}

@Article{Goldey_2007,
  author    = {Godley, W. and Lavoie, M.},
  title     = {Fiscal policy in a stock-flow consistent ({SFC}) model},
  journal   = {Journal of Post Keynesian Economics},
  year      = {2007},
  volume    = {30},
  number    = {1},
  pages     = {79--100},
  month     = {oct},
  doi       = {10.2753/pke0160-3477300104},
  groups    = {Empíricos},
  publisher = {Informa {UK} Limited},
}

@Article{brochiersupermultiplier,
  author = {Brochier, L{\i}dia},
  title  = {A Supermultiplier Stock-Flow Consistent model: the “return” of the paradoxes of thrift and costs in the long run?},
  groups = {Outros com SFC},
}

@Article{dos2006keynesian,
  author    = {Dos{\ }Santos, Claudio H},
  title     = {Keynesian theorising during hard times: stock-flow consistent models as an unexplored ‘frontier’of Keynesian macroeconomics},
  journal   = {Cambridge Journal of Economics},
  year      = {2006},
  volume    = {30},
  number    = {4},
  pages     = {541--565},
  groups    = {Componentes SFC},
  publisher = {CPES},
}

@Article{macedo2008keynesian,
  author = {Macedo{\ }e{\ }Silva, A. C. and Dos{\ }Santos, C. H.},
  title  = {The Keynesian Roots of Stock-flow Consistent Macroeconomic Models: Peering Over the Edge of the Short Period},
  year   = {2008},
  groups = {Componentes SFC},
}

@Article{godley2007simple,
  author    = {Godley, Wynne and Lavoie, Marc},
  title     = {A simple model of three economies with two currencies: the eurozone and the USA},
  journal   = {Cambridge Journal of Economics},
  year      = {2007},
  volume    = {31},
  number    = {1},
  pages     = {1--23},
  groups    = {Empíricos},
  publisher = {CPES},
}

@InProceedings{DoNascimento2016,
  author       = {Do Nascimento, Paulo Francisco and Silva, Antonio Carlos Macedo E and others},
  title        = {Financeiriza{\c{c}}{\~a}o e crescimento: alguns experimentos stock-flow consistent},
  booktitle    = {Anais do XLII Encontro Nacional de Economia [Proceedings of the 42ndd Brazilian Economics Meeting]},
  year         = {2016},
  number       = {085},
  organization = {ANPEC-Associa{\c{c}}{\~a}o Nacional dos Centros de P{\'o}sgradua{\c{c}}{\~a}o em Economia [Brazilian Association of Graduate Programs in Economics]},
  groups       = {Financeirização},
}

@Book{9780195390766,
  title     = {The Oxford Handbook of Post-Keynesian Economics, Volume 1},
  publisher = {Oxford University Press},
  year      = {2013},
  isbn      = {0195390768},
  date      = {2013-07-25},
  ean       = {9780195390766},
  groups    = {Teoria Heterodoxa},
  url       = {http://www.ebook.de/de/product/19871032/the_oxford_handbook_of_post_keynesian_economics_volume_1.html},
}

@Article{lopreato2014crise,
  author    = {Lopreato, Francisco Luiz C},
  title     = {Crise econ{\^o}mica e pol{\'\i}tica fiscal: os desdobramentos recentes da vis{\~a}o convencional},
  year      = {2014},
  groups    = {Teoria Heterodoxa},
  publisher = {Unicamp},
}

@Article{Schoder_2017,
  author    = {Christian Schoder},
  title     = {Are Dynamic Stochastic Disequilibrium models Keynesian or neoclassical?},
  journal   = {Structural Change and Economic Dynamics},
  year      = {2017},
  volume    = {40},
  pages     = {46--63},
  month     = {mar},
  doi       = {10.1016/j.strueco.2016.11.004},
  groups    = {Talvez},
  publisher = {Elsevier {BV}},
}

@Article{sicsu2003politicas,
  author  = {Sics{\'u}, Jo{\~a}o},
  title   = {Pol{\'\i}ticas n{\~a}o-monet{\'a}rias de controle da infla{\c{c}}{\~a}o: uma proposta p{\'o}s-keynesiana},
  journal = {An{\'a}lise Econ{\^o}mica},
  year    = {2003},
  volume  = {21},
  number  = {39},
  groups  = {Teoria Heterodoxa},
}

@Article{trigg1994relationship,
  author    = {Trigg, Andrew B},
  title     = {On the relationship between Kalecki and the Kaleckians},
  journal   = {Journal of Post Keynesian Economics},
  year      = {1994},
  volume    = {17},
  number    = {1},
  pages     = {91--109},
  groups    = {Talvez},
  publisher = {Taylor \& Francis},
}

@Article{teixeira2011novo,
  author    = {Teixeira, Anderson Mutter and Missio, Fabr{\'\i}cio Jos{\'e}},
  title     = {O “novo” consenso macroecon{\^o}mico e alguns insights da cr{\'\i}tica heterodoxa},
  journal   = {Revista Economia e Sociedade},
  year      = {2011},
  volume    = {20},
  number    = {02},
  pages     = {42},
  groups    = {Teoria Heterodoxa},
  publisher = {SciELO Brasil},
}

@Book{9781847204837,
  title     = {Post-Keynesian Economics: New Foundations},
  publisher = {Edward Elgar Pub},
  year      = {2014},
  author    = {Marc Lavoie},
  isbn      = {9781847204837},
  groups    = {Teoria Heterodoxa},
}

@Book{9781845427368,
  title     = {Macroeconomic Methodology: A Post-Keynesian Perspective},
  publisher = {Edward Elgar Pub},
  year      = {2009},
  author    = {Jesper Jespersen},
  isbn      = {9781845427368},
  groups    = {Teoria Heterodoxa},
  url       = {https://www.amazon.com/Macroeconomic-Methodology-Post-Keynesian-Jesper-Jespersen/dp/184542736X%3FSubscriptionId%3D0JYN1NVW651KCA56C102%26tag%3Dtechkie-20%26linkCode%3Dxm2%26camp%3D2025%26creative%3D165953%26creativeASIN%3D184542736X},
}

@Book{0312124287,
  title     = {Conversations With Post-Keynesians},
  publisher = {Palgrave Macmillan},
  year      = {1995},
  author    = {J. E. King},
  isbn      = {0-312-12428-7},
  groups    = {Teoria Heterodoxa},
  url       = {https://www.amazon.com/Conversations-Post-Keynesians-J-King/dp/0312124287%3FSubscriptionId%3D0JYN1NVW651KCA56C102%26tag%3Dtechkie-20%26linkCode%3Dxm2%26camp%3D2025%26creative%3D165953%26creativeASIN%3D0312124287},
}

@Book{0230007805,
  title     = {Introduction to Post-Keynesian Economics},
  publisher = {Palgrave Macmillan},
  year      = {2006},
  author    = {M. Lavoie},
  isbn      = {0230007805},
  groups    = {Teoria Heterodoxa},
}

@Article{de2008equilibrio,
  author  = {de Carvalho, Fernando JJ Cardim},
  title   = {Equil{\'\i}brio fiscal e pol{\'\i}tica econ{\^o}mica keynesiana},
  journal = {An{\'a}lise econ{\^o}mica},
  year    = {2008},
  volume  = {26},
  number  = {50},
  groups  = {Teoria Heterodoxa},
}

@Article{possas1999demanda,
  author  = {Possas, Mario Luiz},
  title   = {Demanda efetiva, investimento e din{\^a}mica},
  journal = {Revista Economia Comtempor{\^a}nea, Rio de Janeiro},
  year    = {1999},
  volume  = {3},
  number  = {2},
  groups  = {Teoria Heterodoxa},
}

@InCollection{sayad2001aspectos,
  author    = {SAYAD, Jo{\~a}o},
  title     = {Aspectos pol{\'\i}ticos do d{\'e}ficit p{\'u}blico},
  booktitle = {Din{\^a}mica econ{\^o}mica do capitalismo contempor{\^a}neo: homenagem a M. Kalecki},
  publisher = {EdUSP},
  year      = {2001},
  groups    = {Dívida pública},
  journal   = {Din{\^a}mica econ{\^o}mica do capitalismo contempor{\^a}neo: homenagem a M. Kalecki. S{\~a}o Paulo: Edusp/Fapesp},
}

@Article{serrano2001cinco,
  author  = {Serrano, Franklin},
  title   = {Cinco d{\'u}vidas sobre o ajuste fiscal},
  journal = {Indicadores Econ{\^o}micos FEE. Porto Alegre},
  year    = {2001},
  volume  = {28},
  number  = {4},
  groups  = {Austeridade},
}

@Article{Arestis_1999,
  author    = {Philip Arestis and Stephen P. Dunn and Malcolm Sawyer},
  title     = {Post Keynesian Economics and Its Critics},
  journal   = {Journal of Post Keynesian Economics},
  year      = {1999},
  volume    = {21},
  number    = {4},
  pages     = {527--549},
  month     = {jul},
  doi       = {10.1080/01603477.1999.11490212},
  groups    = {Teoria Heterodoxa},
  publisher = {Informa {UK} Limited},
}

@Article{eichner1975essay,
  author    = {Eichner, Alfred S and Kregel, Jan A},
  title     = {An essay on post-Keynesian theory: a new paradigm in economics},
  journal   = {journal of Economic Literature},
  year      = {1975},
  volume    = {13},
  number    = {4},
  pages     = {1293--1314},
  groups    = {Teoria Heterodoxa},
  publisher = {JSTOR},
  review    = {Fora},
}

@Book{9781461359876,
  title     = {Post-Keynesian Economic Theory},
  publisher = {Springer},
  year      = {2012},
  isbn      = {1461359872},
  date      = {2012-09-27},
  ean       = {9781461359876},
  groups    = {Teoria Heterodoxa},
  pagetotal = {128},
  url       = {http://www.ebook.de/de/product/21066903/post_keynesian_economic_theory.html},
}

@Book{Holt2006,
  title     = {Empirical Post Keynesian Economics: Looking at the Real World},
  publisher = {M E SHARPE INC},
  year      = {2006},
  author    = {Holt, Richard P. F. and Pressman, Steven},
  isbn      = {076561328X},
  date      = {2006-10-11},
  ean       = {9780765613288},
  groups    = {Teoria Heterodoxa},
  pagetotal = {340},
  url       = {http://www.ebook.de/de/product/5174359/richard_p_f_holt_steven_pressman_empirical_post_keynesian_economics_looking_at_the_real_world.html},
}

@Book{1843764601,
  title     = {Contemporary Post Keynesian Analysis: Keyensian Analysis},
  publisher = {Edward Elgar Pub},
  year      = {2005},
  author    = {L. Randall Wray and Mathew Forstater and INTERNATIONAL POST KEYNESIAN WORKSHOP 20},
  isbn      = {1843764601},
  groups    = {Teoria Heterodoxa},
  url       = {https://www.amazon.com/Contemporary-Post-Keynesian-Analysis-Keyensian/dp/1843764601%3FSubscriptionId%3D0JYN1NVW651KCA56C102%26tag%3Dtechkie-20%26linkCode%3Dxm2%26camp%3D2025%26creative%3D165953%26creativeASIN%3D1843764601},
}

@Book{1840646306,
  title     = {The Elgar Companion to Post Keynesian Economics},
  publisher = {Edward Elgar Pub},
  year      = {2003},
  isbn      = {1840646306},
  groups    = {Teoria Heterodoxa},
  url       = {https://www.amazon.com/Elgar-Companion-Post-Keynesian-Economics/dp/1840646306%3FSubscriptionId%3D0JYN1NVW651KCA56C102%26tag%3Dtechkie-20%26linkCode%3Dxm2%26camp%3D2025%26creative%3D165953%26creativeASIN%3D1840646306},
}

@Book{BlinderMus,
  title     = {After the Music Stopped: The Financial Crisis, the Response, and the Work Ahead},
  publisher = {Penguin Press},
  year      = {2013},
  author    = {Alan S. Blinder},
  isbn      = {1594205302},
  groups    = {Mudanças com a crise},
}

@MastersThesis{dos2011nova,
  author    = {dos Santos, Fl{\'a}vio Arantes},
  title     = {A nova s{\'\i}ntese neocl{\'a}ssica frente {\`a} crise econ{\^o}mica mundial: a volta da pol{\'\i}tica fiscal?},
  school    = {Instituto de Economia - Unicamp},
  year      = {2011},
  groups    = {Mudanças com a crise},
  publisher = {Campinas, SP:[},
}

@TechReport{Zezza2010,
  author      = {Zezza, Gennaro and others},
  title       = {Getting out of the recession?},
  institution = {Levy Economics Institute},
  year        = {2010},
  groups      = {Empíricos},
}

@Book{1845422201,
  title     = {Reinventing Functional Finance: Transformational Growth And Full Employment},
  publisher = {Edward Elgar Pub},
  year      = {2005},
  isbn      = {1845422201},
  groups    = {Finanças funcionias},
  url       = {https://www.amazon.com/Reinventing-Functional-Finance-Transformational-Employment/dp/1845422201%3FSubscriptionId%3D0JYN1NVW651KCA56C102%26tag%3Dtechkie-20%26linkCode%3Dxm2%26camp%3D2025%26creative%3D165953%26creativeASIN%3D1845422201},
}

@Book{King2012,
  title     = {An Alternative Macroeconomic Theory: The Kaleckian Model and Post-Keynesian Economics},
  publisher = {Springer Science \& Business Media},
  year      = {2012},
  author    = {King, John E},
  volume    = {49},
  review    = {Serão usados os capítulo 1,2 e 6},
}

@Article{Schoder2017,
  author    = {Christian Schoder},
  title     = {Are Dynamic Stochastic Disequilibrium models Keynesian or neoclassical?},
  journal   = {Structural Change and Economic Dynamics},
  year      = {2017},
  volume    = {40},
  pages     = {46--63},
  month     = {mar},
  doi       = {10.1016/j.strueco.2016.11.004},
  groups    = {Outros com SFC},
  publisher = {Elsevier {BV}},
}

@InBook{Heim2017,
  chapter   = {Theory of Crowd Out},
  pages     = {5--10},
  title     = {Crowding Out Fiscal Stimulus},
  publisher = {Springer International Publishing},
  year      = {2017},
  author    = {Heim, John J.},
  address   = {Cham},
  booktitle = {Crowding Out Fiscal Stimulus: Testing the Effectiveness of US Government Stimulus Programs},
  groups    = {Teoria ortodoxa},
}

@InCollection{Magalh_es_2016,
  author    = {Pedro C. Magalh{\~{a}}es},
  title     = {Bailout Countries and Others in 2014: Austerity and Government Defection},
  booktitle = {The Eurosceptic 2014 European Parliament Elections},
  publisher = {Springer Nature},
  year      = {2016},
  pages     = {197--222},
  month     = {dec},
  doi       = {10.1057/978-1-137-58696-4_10},
  groups    = {Mudanças com a crise},
}

@Article{(InternationalScienceIndex):http://waset.org/abstracts/61038,
  author     = {Walaa W. Diab},
  title      = {Critical Literature Survey of the Macroeconomic Effects of Fiscal Policy in Light of Recent Empirical Evidence},
  year       = {2016},
  volume     = {3},
  number     = {12},
  pages      = {3086},
  issn       = {PISSN:2010-376X, EISSN:2010-3778},
  abstract   = {The present paper offers a fundamental critique of the macroeconomic effects of fiscal policy after it surveys the theoretical and empirical literature on the macroeconomic effects of fiscal policy. It emphasizes the importance of the fiscal policy after reviewing the revolution of almost all economic schools and bringing them in one summarized figure; the paper links the developmental role of the fiscal policy with the objectives and measures of the economic transformation. Thus, the importance of this study can be seen from several perspectives: First, it reviews the theoretical harvest of fiscal policy and provides a comparison between the main revolutionary Economic thoughts; the classical school, Keynesian school, and monetarist school. Then it turns to conclude the fiscal policy from the new consensus mainstream economic schools. Finally, the study presents grouped and classified empirical pieces of evidence as it divides those empirical studies into two groups; the first for developed economies and the second for developing ones. So the study is important also for the policymakers as well as scholars as it gives its recommendations upon the last analysis in the form of ‘policy implications’. The paper also presents a deeper look into the evaluation approaches of the macroeconomic effects of fiscal policy at the empirical level. Thus it is useful for both researchers and decision makers.},
  bibsource  = {http://waset.org/abstracts},
  conference = {ICBAME 2016: International Conference on Business Administration, Management and Economics, Dubai, UAE, (Dec 26-27, 2016)},
  country    = {Egypt},
  ee         = {http://waset.org/abstracts/61038},
  groups     = {Teoria ortodoxa},
  index      = {International Science Index, Economics and Management Engineering, 4(12) 2016},
  keywords   = {economic transformation, fiscal policy, macroeconomic effects, public spending},
  publisher  = {World Academy of Science, Engineering and Technology},
  url        = {http://waset.org/abstracts/Economics-and-Management-Engineering},
}

@Article{Desiderio2012,
  author = {Desiderio, Saul and Chen, Siyan},
  title  = {Long-run consequences of debt in a stock-flow consistent network economy},
  year   = {2012},
  groups = {Empíricos},
}

@Article{Carvalho_2009,
  author    = {Fernando Cardim de Carvalho},
  title     = {O retorno de Keynes},
  journal   = {Novos Estudos - {CEBRAP}},
  year      = {2009},
  number    = {83},
  pages     = {91--101},
  month     = {mar},
  doi       = {10.1590/s0101-33002009000100006},
  groups    = {Mudanças com a crise},
  publisher = {{FapUNIFESP} ({SciELO})},
}

@Article{Papadimitriou2006a,
  author  = {Papadimitriou, Dimitri B and Zezza, Gennaro and Hannsgen, Greg},
  title   = {Can Global Imbalances Continue?: Policies for the US Economy},
  journal = {Policies for the US Economy. The Levy Economics Institute's Strategic Analysis},
  year    = {2006},
  groups  = {Outros com SFC, Empíricos},
}

@Book{9781349333400,
  title     = {Contributions to Stock-Flow Modeling},
  publisher = {Palgrave Macmillan},
  year      = {2012},
  isbn      = {1349333409},
  date      = {2012-01-01},
  ean       = {9781349333400},
  groups    = {Componentes SFC},
  pagetotal = {420},
  url       = {http://www.ebook.de/de/product/26246308/contributions_to_stock_flow_modeling.html},
}

@Article{papadimitriou2011recovery,
  author  = {Papadimitriou, Dimitri B and Hannsgen, Greg and Zezza, Gennaro},
  title   = {Is the recovery sustainable?},
  journal = {Levy Economics Institute, Strategic Analysis},
  year    = {2011},
  groups  = {Empíricos},
}

@TechReport{papadimitriou2016destabilizing,
  author      = {Papadimitriou, Dimitri B and Nikiforos, Michalis and Zezza, Gennaro and others},
  title       = {Destabilizing an unstable economy},
  institution = {Levy Economics Institute},
  year        = {2016},
  groups      = {Empíricos},
}

@Article{Zezza2004,
  author    = {Zezza, Gennaro},
  title     = {The Role of Monetary Policy in Post-Keynesian Stock-Flow Consistent Macroeconomic Growth Models},
  journal   = {Central Banking in the Modern World: Alternative Perspectives},
  year      = {2004},
  pages     = {183},
  publisher = {Edward Elgar Publishing},
}

@Article{Zezza2004a,
  author    = {Zezza, Gennaro},
  title     = {Some simple, consistent models of the monetary circuit},
  year      = {2004},
  publisher = {Levy Economics Institute working paper},
}

@Article{Zezza2009,
  author  = {Zezza, Gennaro},
  title   = {Fiscal policy and the economics of financial balances},
  journal = {Levy Economics Institute, Working Paper},
  year    = {2009},
  number  = {569},
}

@InCollection{Zezza2012a,
  author    = {Zezza, Gennaro},
  title     = {Godley and Graziani: stock-flow consistent monetary circuits},
  booktitle = {Contributions in Stock-flow Modeling},
  publisher = {Springer},
  year      = {2012},
  pages     = {154--172},
}

@Article{godley2009prospects,
  author  = {Godley, Wynne and Papadimitriou, Dimitri B and Zezza, Gennaro},
  title   = {Prospects for the US and the World: A Crisis that Conventional Remedies Cannot Resolve},
  journal = {Available at SSRN 1348050},
  year    = {2009},
  groups  = {Empíricos},
}

@Article{zezza2009fiscal,
  author  = {Zezza, Gennaro},
  title   = {Fiscal policy and the economics of financial balances},
  journal = {Levy Economics Institute, Working Paper},
  year    = {2009},
  number  = {569},
  groups  = {Empíricos},
}

@Article{zezza2004some,
  author    = {Zezza, Gennaro},
  title     = {Some simple, consistent models of the monetary circuit},
  year      = {2004},
  groups    = {Empíricos},
  publisher = {Levy Economics Institute working paper},
}

@Article{papadimitriou2011jobless,
  author  = {Papadimitriou, Dimitri B and Hannsgen, Greg and Zezza, Gennaro},
  title   = {Jobless Recovery is no Recovery: Prospects for the US economy},
  journal = {Available at SSRN 1785533},
  year    = {2011},
  groups  = {Empíricos},
}

@TechReport{Papadimitriou2016,
  author      = {Papadimitriou, Dimitri B and Nikiforos, Michalis and Zezza, Gennaro and others},
  title       = {Destabilizing an unstable economy},
  institution = {Levy Economics Institute},
  year        = {2016},
  groups      = {Empíricos},
}

@InProceedings{zezza2003dynamic,
  author = {Zezza, Gennaro},
  title  = {Dynamic properties of stock-flow models with stable stock-flow norms},
  groups = {Empíricos},
}

@Misc{Zezza,
  author    = {Gennaro Zezza},
  title     = {Modeling the economy as a whole: stock-flow models},
  doi       = {10.4337/9781782548461.00030},
  groups    = {Empíricos},
  pages     = {431--444},
  publisher = {Edward Elgar Publishing},
  year = {2016}
}

@Article{Arestis2008,
  author    = {Arestis, Philip and Sawyer, Malcolm},
  title     = {New consensus macroeconomics and inflation targeting: Keynesian critique},
  journal   = {Economia e Sociedade},
  year      = {2008},
  volume    = {17},
  number    = {SPE},
  pages     = {629--653},
  publisher = {SciELO Brasil},
}

@TechReport{Arestis2009a,
  author      = {Arestis, P},
  title       = {New consensus macroeconomics: A critical appraisal. Cambridge Centre for Economic and Public Policy},
  institution = {Working Paper},
  year        = {2009},
}

@Misc{Reserve2011,
  author    = {Reserve, Federal},
  title     = {Credit and Liquidity Programs and the Balance Sheet},
  year      = {2011},
  groups    = {Mudanças com a crise},
  publisher = {November},
}

@Misc{Reserve2012,
  author = {Reserve, Federal},
  title  = {Credit and liquidity programs and the balance sheet: lending to primary dealers},
  year   = {2012},
  groups = {Mudanças com a crise},
}

@Misc{Furman2016,
  author    = {Furman, Jason},
  title     = {The new view of fiscal policy and its application},
  month     = oct,
  year      = {2016},
  note      = {Conference: Global Implications of Europe’s Redesign New York, NY},
  booktitle = {Remarques en marge de la conf{\'e}rence intitul{\'e}e {\guillemotleft}Global Implications of Europe's Redesign{\guillemotright}, New York},
  groups    = {Política fiscal mono, Mudanças com a crise},
  volume    = {5},
}

@TechReport{wren2016general2,
  author      = {Wren-Lewis, Simon},
  title       = {A general theory of austerity},
  institution = {BSG Working Paper Series, University of Oxford},
  year        = {2016},
}

@InBook{9788539304608,
  chapter   = {O espaço da política fiscal: de Keynes ao novo consenso},
  pages     = {7--62},
  title     = {Caminhos Da Política Fiscal No Brasil},
  publisher = {Editora Unesp},
  year      = {2013},
  author    = {Francisco Lopreato},
}

@Article{blanchard1991sustainability,
  author  = {Blanchard, Olivier J and Chouraqui, Jean-Claude and Hagemann, Robert and Sartor, Nicola},
  title   = {The sustainability of fiscal policy: New answers to an old question},
  journal = {NBER Working Paper No. 1547},
  year    = {1991},
}

@Book{Gerling2017,
  title     = {Fiscal Crises},
  publisher = {International Monetary Fund},
  year      = {2017},
  author    = {Gerling, Mrs Kerstin and Medas, Mr Paulo A and Poghosyan, Mr Tigran and Farah-Yacoub, Juan and Xu, Yizhi},
  groups    = {Austeridade},
}

@Article{KEYNES1988,
  author  = {KEYNES, John M},
  title   = {A Teoria geral do juro, da moeda e do emprego},
  journal = {S{\~a}o Paulo: Abril},
  year    = {1988},
}

@Book{Snowdon2005,
  title     = {Modern macroeconomics: its origins, development and current state},
  publisher = {Edward Elgar Publishing},
  year      = {2005},
  author    = {Snowdon, Brian and Vane, Howard R},
}

@Article{10.2307/40720454,
  author    = {PAUL A. SAMUELSON},
  title     = {In the Beginning},
  journal   = {Challenge},
  year      = {1988},
  volume    = {31},
  number    = {4},
  pages     = {32-34},
  publisher = {Taylor \& Francis, Ltd.},
}

@InCollection{cottarelli2013austerity,
  author    = {Cottarelli, Carlo},
  title     = {The austerity debate},
  booktitle = {Public debt, global governance and economic dynamism},
  publisher = {Springer},
  year      = {2013},
  pages     = {301--308},
}

@InBook{Snowdon20054,
  chapter   = {4 The orthodox monetarist school},
  pages     = {163--218},
  title     = {Modern macroeconomics: its origins, development and current state},
  publisher = {Edward Elgar Publishing},
  year      = {2005},
  author    = {Snowdon, Brian and Vane, Howard R},
}

@InBook{Snowdon20053,
  chapter   = {3 The orthodox Keynesian school},
  pages     = {101--162},
  title     = {Modern macroeconomics: its origins, development and current state},
  publisher = {Edward Elgar Publishing},
  year      = {2005},
  author    = {Snowdon, Brian and Vane, Howard R},
}

@InBook{Snowdon20057,
  chapter   = {7 The new Keynesian school},
  pages     = {357-450},
  title     = {Modern macroeconomics: its origins, development and current state},
  publisher = {Edward Elgar Publishing},
  year      = {2005},
  author    = {Snowdon, Brian and Vane, Howard R},
}

@InBook{Snowdon20055,
  chapter   = {5 The new classical school},
  pages     = {219--293},
  title     = {Modern macroeconomics: its origins, development and current state},
  publisher = {Edward Elgar Publishing},
  year      = {2005},
  author    = {Snowdon, Brian and Vane, Howard R},
}

@InBook{Paiva2012,
  chapter   = {O Novo Consenso Macroeconômico e o papel da política fiscal},
  pages     = {41--66},
  title     = {Intervenção fiscal e suas dimensões: teoria, política e governança},
  publisher = {Cultura acadêmica},
  year      = {2012},
  author    = {Cláudio Cesar de Paiva and Suzana Fernandes de Paiva},
  editor    = {Elton Eustáquio Casagrande},
}

@Article{Godley1999,
  author  = {Godley, Wynne},
  title   = {Seven unsustainable processes},
  journal = {Special Report},
  year    = {1999},
}

@Article{Santos2004,
  author  = {Dos{\ }Santos, Claudio H},
  title   = {Notas sobre a crescente (e peculiar) fragilidade financeira do capitalismo norte-americano},
  journal = {Economia e Sociedade},
  year    = {2004},
  volume  = {13},
  number  = {2},
  pages   = {23--49},
}

@TechReport{Kregel2016,
  author      = {Kregel, Jan A},
  title       = {What we could have learned from the New Deal in confronting the recent global recession},
  institution = {Public Policy Brief, Jerome Levy Economics Institute of Bard College},
  year        = {2016},
}

@Article{Lavoie2006,
  author    = {Lavoie, Marc},
  title     = {A POST-KEYNESIAN AMENDMENT TO THE NEW CONSENSUS ON MONETARY POLICY},
  journal   = {Metroeconomica},
  year      = {2006},
  volume    = {57},
  number    = {2},
  pages     = {165--192},
  publisher = {Wiley Online Library},
}

@Article{Arestis2008a,
  author    = {Arestis, Philip and Sawyer, Malcolm},
  title     = {A critical reconsideration of the foundations of monetary policy in the new consensus macroeconomics framework},
  journal   = {Cambridge Journal of Economics},
  year      = {2008},
  volume    = {32},
  number    = {5},
  pages     = {761--779},
  publisher = {Oxford University Press},
}

@Article{Arestis2007a,
  author  = {Arestis, P},
  title   = {What is the New Consensus in Macroeconomics (2007) In: Philip Arestis},
  journal = {Is There a New Consensus in Macroeconomics},
  year    = {2007},
}

@InProceedings{Taylor1993,
  author       = {Taylor, John B},
  title        = {Discretion versus policy rules in practice},
  booktitle    = {Carnegie-Rochester conference series on public policy},
  year         = {1993},
  volume       = {39},
  pages        = {195--214},
  organization = {Elsevier},
}

@Misc{Bernanke2004,
  author    = {Bernanke, Ben},
  title     = {The great moderation},
  month     = feb,
  year      = {2004},
  note      = {Remarks by Governor Ben S. Bernanke at the meetings of the Eastern Economic Association, Washington, DC.},
  booktitle = {The Federal Reserve Board},
  journal   = {Washington, DC},
  url       = {https://www.federalreserve.gov/boarddocs/speeches/2004/20040220/},
}

@InBook{LavoieEZezza,
  chapter   = {An Important Inconsistency at the Heart of the Standard Macroeconomic Model},
  pages     = {65--80},
  title     = {The Stock–Flow Consistent Approach: Selected Writings of Wynne Godley},
  publisher = {Palgrave Macmillan},
  year      = {2012},
  author    = {Godley, W.},
  editor    = {Lavoie, M. and Zezza, G.},
}

@Article{NASSIF2015,
  author    = {ANDR{\'{E}} NASSIF},
  title     = {As armadilhas do trip{\'{e}} da pol{\'{\i}}tica macroecon{\^{o}}mica brasileira},
  journal   = {Revista de Economia Pol{\'{\i}}tica},
  year      = {2015},
  volume    = {35},
  number    = {3},
  pages     = {426--443},
  month     = {sep},
  doi       = {10.1590/0101-31572015v35n03a03},
  publisher = {{FapUNIFESP} ({SciELO})},
}

@Book{9781513560601,
  title     = {Fiscal Monitor, October 2016 : Debt: Use It Wisely},
  publisher = {International Monetary Fund},
  year      = {2016},
  author    = {IMF},
  editor    = {Badia, Marialuz Moreno},
  ean       = {9781475537055},
  journal   = {World Economic and Financial Surveys: International Monetary Fund},
}

@Book{2016,
  title     = {FISCAL MONITOR},
  publisher = {INTL MONETARY FUND},
  year      = {2016},
  isbn      = {1513560603},
  date      = {2016-10-21},
  ean       = {9781513560601},
  pagetotal = {1},
  url       = {http://www.ebook.de/de/product/28216158/fiscal_monitor.html},
}

@Book{Badia2016,
  title  = {Fiscal Monitor, October 2016 : Debt: Use It Wisely},
  year   = {2016},
  author = {Badia, Marialuz Moreno},
  date   = {2016-10-05},
  ean    = {9781475537055},
  url    = {http://www.ebook.de/de/product/29771369/marialuz_moreno_badia_fiscal_monitor_october_2016_debt_use_it_wisely.html},
}

@Article{Dequech2007,
  author    = {Dequech, David},
  title     = {Neoclassical, mainstream, orthodox, and heterodox economics},
  journal   = {Journal of Post Keynesian Economics},
  year      = {2007},
  volume    = {30},
  number    = {2},
  pages     = {279--302},
  publisher = {Taylor \& Francis},
}

@InBook{Bank2005,
  chapter   = {Macroeconomic Stability: The More the Better?},
  pages     = {93--130},
  title     = {Economic Growth in the 1990s: Learning from a Decade of Reform},
  publisher = {World Bank Publications},
  year      = {2005},
  author    = {Luis Serven and Peter Montiel},
  editor    = {World Bank},
  date      = {2005-04-01},
  ean       = {9780821360446},
  url       = {http://www.ebook.de/de/product/15071383/world_bank_economic_growth_in_the_1990s.html},
}

@Article{Zezza2008,
  author    = {Zezza, Gennaro},
  title     = {US growth, the housing market, and the distribution of income},
  journal   = {Journal of Post Keynesian Economics},
  year      = {2008},
  volume    = {30},
  number    = {3},
  pages     = {375--401},
  publisher = {Taylor \& Francis},
}

@InCollection{TextoTN,
  author    = {Carlos Eugênio Ellery Lustosa da Costa},
  title     = {3. Sustentabilidade da dívida pública},
  booktitle = {Dívida pública: a experiência brasileira},
  publisher = {Tesouro Nacional},
  year      = {2009},
  editor    = {Anderson Caputo Silva (Org.)},
  chapter   = {Sustentabilidade da dívida pública},
  pages     = {81--101},
}

@Article{Wray2012,
  author  = {Wray, L Randall},
  title   = {Global financial crisis: A Minskyan interpretation of the causes, the fed’s bailout, and the future},
  journal = {Levy Economics Institute, Working Paper 711},
  year    = {2012},
}

@Article{WrayRandall2011,
  author  = {Wray , L. Randall},
  title   = {Lessons We Should Have Learned from the Global Financial Crisis but didn't},
  journal = {Levy Economics Institute of Bard College},
  year    = {2011},
}

@InBook{Sawyer2017,
  pages     = {41--84},
  title     = {Lessons on Fiscal Policy After the Global Financial Crisis},
  publisher = {Springer International Publishing},
  year      = {2017},
  author    = {Sawyer, Malcolm},
  editor    = {Arestis, Philip and Sawyer, Malcolm},
  address   = {Cham},
  isbn      = {978-3-319-60459-6},
  abstract  = {Immediately following the global financial crisis of 2007--2008, budget deficits rose from the operation of the automatic stabilisers and some mild discretionary actions to bolster demand in the face of the economic downturn. This was soon replaced by drives to reduce budget deficits and debt ratios even though unemployment continued to be high and output well below previous levels. The `debt scare' behind fiscal consolidation is examined and found wanting on empirical and theoretical grounds. The nature and estimates of `the multiplier' are examined and the consequences of the wide range of estimates considered. There has been a shift to the formulation of fiscal policy in terms of a balanced structural budget. This shift relies on discredited ideas, such as a well-defined and stable non-accelerating inflation rate of unemployment, and brings back the notion that savings and investment necessarily balance at a full employment equilibrium.},
  booktitle = {Economic Policies since the Global Financial Crisis},
  doi       = {10.1007/978-3-319-60459-6_2},
  url       = {https://doi.org/10.1007/978-3-319-60459-6_2},
}

@TechReport{Reinhart2010,
  author      = {Carmen Reinhart and Kenneth Rogoff},
  title       = {Growth in a Time of Debt},
  institution = {IMF},
  year        = {2010},
  month       = {jan},
  doi         = {10.3386/w15639},
  publisher   = {National Bureau of Economic Research},
}

@Electronic{,
}

@InBook{Hebbel,
  chapter   = {Managing the global financial crisis and economic downturn},
  pages     = {7--9},
  title     = {{OECD} Economic Outlook No. 84},
  publisher = {{OECD} Publishing},
  year      = {2008},
  author    = {Klaus Schimidt-Hebbel},
  editor    = {OECD},
  month     = {oct},
  doi       = {10.1787/data-00082-en},
}

@Article{Arestis2009,
  author  = {Arestis, Philip},
  title   = {New Consensus macroeconomics and Keynesian critique},
  journal = {Macroeconomic Policies on Shaky Foundations--Whither Mainstream Economics},
  year    = {2009},
}

@Article{Godley1996,
  author    = {Godley, Wynne},
  title     = {Money, finance and national income determination: an integrated approach},
  journal   = {Jerome Levy Economics Institute, Bard College},
  year      = {1996},
  publisher = {Jerome Levy Economics Institute, Bard College},
}

@TechReport{Hannsgen2012,
  author      = {Hannsgen, Greg and Papadimitriou, Dimitri B},
  title       = {Fiscal traps and macro policy after the eurozone crisis},
  institution = {Public Policy Brief, Jerome Levy Economics Institute of Bard College},
  year        = {2012},
  number      = {127},
  publisher   = {Public Policy Brief, Jerome Levy Economics Institute of Bard College},
}

@PhdThesis{SilvaTeixeira2015,
  author = {da Silva Teixeira, Lucas Azeredo},
  title  = {Crescimento liderado pela demanda na economia norte-americana nos anos 2000: uma an{\'a}lise a partir do supermultiplicador sraffiano com infla{\c{c}}{\~a}o de ativos},
  school = {Universidade Federal do Rio de Janeiro},
  year   = {2015},
}

@PhdThesis{DosSantos2003,
  author = {Dos{\ }Santos, Claudio H},
  title  = {Three Essays on Stock-Flow Consistent Macroeconomic Modeling},
  school = {New School for Social Research},
  year   = {2003},
}

@Article{Nikiforos2017,
  author = {Nikiforos, Michalis and Zezza, Gennaro},
  title  = {Stock-flow Consistent Macroeconomic Models: A Survey},
  year   = {2017},
}

@InCollection{Arestis2012,
  author    = {Arestis, Philip and Sawyer, Malcolm},
  title     = {The Effectiveness of Fiscal Policy in the Levy Institute’s Stock-flow Model},
  booktitle = {Contributions in Stock-flow Modeling},
  publisher = {Springer},
  year      = {2012},
  pages     = {300--320},
}

@Book{de1988fundamentos,
  title  = {Fundamentos da escola p{\'o}s-keynesiana: a teoria de uma economia monet{\'a}ria},
  year   = {1988},
  author = {de Carvalho, Fernando J},
}

@InBook{,
}

@InBook{Godley2007cap,
  chapter   = {Balance Sheets, Transaction Matrices and the Monetary circuit},
  pages     = {23--56},
  title     = {Monetary Economics: An Integrated Approach to Credit, Money, Income, Production and Wealth},
  publisher = {Palgrave Macmillan},
  year      = {2007},
  author    = {W. Godley and M. Lavoie},
}

@Book{Godley2007,
  title     = {Monetary Economics: An Integrated Approach to Credit, Money, Income, Production and Wealth},
  publisher = {Palgrave Macmillan},
  year      = {2007},
  author    = {W. Godley and M. Lavoie},
  isbn      = {978-0-230-50055-6},
  url       = {https://www.amazon.com/Monetary-Economics-Integrated-Approach-Production/dp/0230500552?SubscriptionId=0JYN1NVW651KCA56C102&tag=techkie-20&linkCode=xm2&camp=2025&creative=165953&creativeASIN=0230500552},
}

@Article{Herscovici2004,
  author    = {Herscovici, Alain},
  title     = {Historicidade, entropia e instabilidade estrutural: Um estudo preliminar},
  journal   = {Revista Venezolana de An{\'a}lisis de coyuntura},
  year      = {2004},
  volume    = {10},
  number    = {1},
  pages     = {143--172},
  publisher = {Universidad Central de Venezuela},
}

@Article{DosSantos2009,
  author  = {Dos{\ }Santos, Cl{\'a}udio H and Macedo{\ }e{\ }Silva, Ant{\^o}nio Carlos},
  title   = {Revisiting (and connecting) Marglin-Bhaduri and Minsky: an SFC look at financialization and profit-led growth (WP 567)},
  journal = {Levy Economics Institute of Bard College},
  year    = {2009},
}

@Electronic{Wren,
  author       = {Wren-Lewis, Simon},
  month        = aug,
  year         = {2016},
  title        = {Heterodox economics, mainstream macro and the financial crisis},
  url          = {https://mainlymacro.blogspot.com.br/2016/08/heterodox-economics-mainstream-macro.html},
  originalyear = {29.08.2016},
  urldate      = {02.11.2017},
}

@Article{Kappes,
  author = {Kappes, Sylvio Antonio and Milan, Marcelo},
  title  = {The Stock-Flow Consistent Method: Analytical Tools, Evolution, and a Critique of the Mainstream},
  year   = {2016},
}

@Article{PRADO2001,
  author  = {Prado, Eleut{\'e}rio},
  title   = {A constru{\c{c}}{\~a}o das diferen{\c{c}}as entre os economistas},
  journal = {Revista da Sociedade Brasileira de Economia Pol{\'\i}tica},
  year    = {2001},
  number  = {9},
  pages   = {5--23},
}

@Electronic{Leda,
  author = {Leda Paulani},
  year   = {2015},
  title  = {Alta dos juros atende só ao mercado e sacrifica população},
  url    = {http://www1.folha.uol.com.br/mercado/2015/06/1638040-alta-dos-juros-atende-so-ao-mercado-e-sacrifica-a-populacao.shtml},
}

@Article{Lerner1969,
  author    = {Lerner, Abba P},
  title     = {On instrumental analysis},
  journal   = {Economic Means and Social Ends: Essays in Political Economics},
  year      = {1969},
  publisher = {Prentice Hall Englewood Cliffs, NJ},
}

@InBook{Pomeranz2001,
  chapter   = {Aspecotos políticos do déficit público},
  pages     = {314--326},
  title     = {Din{\^a}mica econ{\^o}mica do capitalismo contempor{\^a}neo: homenagem a M. Kalecki},
  publisher = {EdUSP},
  year      = {2001},
  author    = {Pomeranz, Lenina and Miglioli, Jorge and Lima, Gilberto Tadeu},
  editor    = {IEA-USP},
  volume    = {4},
}



@InBook{Kalecki,
  chapter   = {Os aspecotos políticos do pleno emprego},
  title     = {Crescimento e Ciclo das Economias Capitalistas},
  publisher = {Hucitec},
  year      = {1977},
  author    = {Michal Kalecki},
  editor    = {Jorge Miglioli (Org)},
}

@InBook{Roubini2010a,
  chapter = {O cisne-branco},
  pages   = {21--48},
  title   = {A economia das crises: um curso-rel{\^a}mpago sobre o futuro do sistema financeiro internacional},
  year    = {2010},
  author  = {Roubini, Nouriel and Mihm, Stephen},
  editor  = {Intrínseca},
  journal = {Rio de Janeiro: Intr{\'\i}nseca},
}

@Article{Taleb,
  author    = {Nicolas Nassim Taleb},
  title     = {The black swan: the impact of the highly improbable.},
  journal   = {The Academy of Management Perspectives},
  year      = {2011},
  volume    = {25},
  number    = {2},
  pages     = {87--90},
  publisher = {Academy of Management},
}

@Book{Taleb2015,
  title         = {A l{\'o}gica do cisne negro: o impacto do altamente improv{\'a}vel},
  publisher     = {Editora Best Seller},
  year          = {2015},
  author        = {Taleb, Nassim Nicholas},
  __markedentry = {[Gabriel Petrini:]},
}

@Proceedings{Rethink,
  title        = {Rethinking Macroeconomic Policy},
  year         = {2017},
  editor       = {Olivier Blanchard and Lawrence H. Summers},
  organization = {PIIE},
}

@Book{Terkel2005,
  title     = {Hard Times},
  publisher = {NEW PR},
  year      = {2005},
  author    = {Terkel, Studs},
  isbn      = {1565846567},
}

@Article{Kydland1977,
  author        = {Kydland, Finn E and Prescott, Edward C},
  title         = {Rules rather than discretion: The inconsistency of optimal plans},
  journal       = {Journal of political economy},
  year          = {1977},
  volume        = {85},
  number        = {3},
  pages         = {473--491},
  __markedentry = {[Gabriel Petrini:6]},
  publisher     = {The University of Chicago Press},
}

@Comment{jabref-meta: databaseType:bibtex;}

@Comment{jabref-meta: grouping:
0 AllEntriesGroup:;
1 StaticGroup:Política fiscal mono\;0\;1\;\;\;\;;
2 StaticGroup:Teoria ortodoxa\;0\;1\;\;\;\;;
2 StaticGroup:Mudanças com a crise\;0\;1\;\;\;\;;
2 StaticGroup:Microfundamentos\;0\;1\;\;\;\;;
2 StaticGroup:Dívida pública\;0\;1\;\;\;\;;
2 StaticGroup:Austeridade\;0\;1\;\;\;\;;
2 StaticGroup:Instituições internacionais\;0\;1\;\;\;\;;
1 StaticGroup:Lerner e MMT mono\;0\;1\;\;\;\;;
2 StaticGroup:Finanças funcionias\;0\;1\;\;\;\;;
2 StaticGroup:(Neo) Chartalismo\;0\;1\;\;\;\;;
2 StaticGroup:MMT\;0\;1\;\;\;\;;
2 StaticGroup:Lerner\;0\;1\;\;\;\;;
1 StaticGroup:SFC mono\;0\;1\;\;\;\;;
2 StaticGroup:SFC\;0\;1\;\;\;\;;
2 StaticGroup:Outros com SFC\;0\;1\;\;\;\;;
2 StaticGroup:Financeirização\;0\;1\;\;\;\;;
2 StaticGroup:Componentes SFC\;0\;1\;\;\;\;;
2 StaticGroup:Empíricos\;0\;1\;\;\;\;;
1 StaticGroup:Talvez\;0\;1\;\;\;\;;
1 StaticGroup:Teoria Heterodoxa\;0\;1\;\;\;\;;
}
