
@article{akaev_digital_2018,
	title = {Digital economy and the models of income distribution in the society},
	url = {https://www.shs-conferences.org/articles/shsconf/pdf/2018/05/shsconf_cc-tesc2018_00005.pdf},
	doi = {10.1051/shsconf/20184400005},
	abstract = {Digital technologies, robotic automation and artificial intelligence are becoming the main drivers of technological and economic development. In this regard, it is quite natural that the demand for justification of such threats for the employment market appears, and also the question arises whether it is possible to foresee and analyze the level of inequality and distribution of income in the society where the proportion of artificial intellectual systems in creating new costs will be exceptionally large. {NBIC} – technological revolution has led to creating highly-efficient digital technologies, intellectual computers and robots which are able to generate major changes in industrial forces many times superior to the achievements of the third industrial revolution based on microelectronics and informational technologies. Thatiswhythe world is talking about the fourth industrial revolution [1] and creating the Industry 4.0 [2]. The basic infrastructure of Industry 4.0 is industrial internet [3] – a digital platform which provides for effective cooperation of all objects of industrial production on the basis of the Internet. Simultaneously a multifunctional digital information technology has appeared which is designated for reliable account of assets and operations with them – Blockchain-technology, able to become a reliable economic software in the Internet maintaining online payments, decentralized digital exchange of assets, release and execution of "clever contracts" [4]. Internet-technologies enable total automatization of the process of manufacturing goods starting from production of utilities and assembly works up to making electronic orders and delivering finished products to end-consumers, completely forcing human labor out of the production field. As digital technologies and platforms play the key role in the Industry 4.0 and in general in the new digitalized economy it is no wonder that transition to "Digital Economy" is being mentioned lately with increasing frequency. One of the main innovations created by {NBIC} – technological revolution – is, without any doubt, nanochips, biochips and quantum computers [5]. They have significantly raised the computing capacity of computers which has led to breakthrough achievements in the},
	pages = {1--7},
	journaltitle = {{SHS} Web of Conferences},
	author = {Akaev, Askar and Rudskoi, Andrew and Devezas, Tessaleno},
	date = {2018},
	file = {Akaev, Rudskoi, Devezas_2018_Digital economy and the models of income distribution in the society:/home/gabriel/Zotero/storage/EQDMSIW3/Akaev, Rudskoi, Devezas_2018_Digital economy and the models of income distribution in the society.pdf:application/pdf}
}

@article{aspromourgos_sraffian_2004,
	title = {Sraffian research programmes and unorthodox economics},
	volume = {16},
	doi = {10.1080/0953825042000183181},
	pages = {179--206},
	number = {2},
	journaltitle = {Review of Political Economy},
	author = {Aspromourgos, Tony},
	date = {2004-04},
	keywords = {Complementar, {METADATA}, {REVISTO}},
	file = {Aspromourgos_2004_Sraffian research programmes and unorthodox economics:/home/gabriel/Zotero/storage/YZ4KLSNH/Aspromourgos_2004_Sraffian research programmes and unorthodox economics.pdf:application/pdf}
}

@report{assouad_extreme_2018,
	title = {Extreme inequality : evidence from Brazil , India , the Middle East and South Africa},
	abstract = {Extreme inequality: evidence from Brazil, India, the Middle East and South Africa Lydia Lucas Marc January {WID}.world / 4 Abstract This paper presents new findings about inequality dynamics in Brazil , India , the Middle East and South Africa from the World Wealth and Income Database ({WID} . world) . We combine tax data , household surveys and national accounts in a systematic manner to produce estimates of the distribution of income , using concepts coherent with macroeconomic national accounts . We document an extreme level of inequality in these regions , with top 10\% income shares above 50\% of national income . These societies are characterized by a dual social structure , with an extremely rich group at the top , whose income levels are broadly comparable to their counterparts in high - income countries , and a much poorer mass of the population below top groups . We discuss the diversity of regional contexts and highlight two explanations for the levels observed : the historical legacy of social segregation and modern economic institutions and policies .},
	pages = {9--9},
	institution = {{WID}.world},
	author = {Assouad, Lydia and Chancel, Lucas and Morgan, Marc},
	date = {2018},
	keywords = {Complementar, {METADATA}, Revisar Lugar},
	file = {Assouad, Chancel, Morgan_2018_Extreme inequality evidence from Brazil , India , the Middle East and South Africa:/home/gabriel/Zotero/storage/PESAMB5X/Assouad, Chancel, Morgan_2018_Extreme inequality evidence from Brazil , India , the Middle East and South Africa.pdf:application/pdf}
}

@article{bacha_saida_2017,
	title = {Saída para a crise tem mão dupla},
	volume = {31},
	doi = {10.1590/s0103-40142017.31890003},
	abstract = {Resumo A atual recessão preocupa, mas preocupa ainda mais o lento crescimento da economia brasileira há 35 anos. As causas são múltiplas, mas uma frequentemente ignorada é aqui enfatizada: a baixíssima participação do Brasil no comércio internacional. Propõe-se um programa de integração do país às cadeias produtivas internacionais, com base em três pilares: redução do custo Brasil, troca de tarifas por câmbio e acordos comerciais.},
	pages = {23--27},
	number = {89},
	journaltitle = {Estudos Avançados},
	author = {Bacha, Edmar},
	date = {2017-04},
	file = {Bacha_2017_Saída para a crise tem mão dupla:/home/gabriel/Zotero/storage/ZTW349X7/Bacha_2017_Saída para a crise tem mão dupla.pdf:application/pdf}
}

@article{barba_rising_2009,
	title = {Rising household debt: Its causes and macroeconomic implications - A long-period analysis},
	doi = {10.1093/cje/ben030},
	abstract = {The article analyses the rise in household indebtedness from the point of view of its causes and long-run macroeconomic implications. The analysis is focussed on the {US} case. Differently from life-cycle interpretations of the phenomenon, and from interpretations in terms of erratic deviations of current income flows from their long-run trend, the rising household debt is viewed as the outcome of persistent changes in income distribution and growing income inequalities. Through household debt, low wages appear to have been brought to coexist with relatively high levels of aggregate demand, thus providing the solution to the contradiction between the necessity of high and rising consumption levels, for the growth of the system's actual output, and a framework of antagonistic conditions of distribution which keeps within limits the real income of the vast majority of society. The question of the long-run sustainability of this substitution of loans for wages is finally discussed. Reprinted by permission of Oxford University Press},
	journaltitle = {Cambridge Journal of Economics},
	author = {Barba, Aldo and Pivetti, Massimo},
	date = {2009},
	keywords = {Aggregate consumption, Household debt, Income distribution, {METADATA}, Principal, {REVISTO}},
	file = {Barba, Pivetti_2009_Rising household debt Its causes and macroeconomic implications - A long-period analysis:/home/gabriel/Zotero/storage/VUS4HDUH/Barba, Pivetti_2009_Rising household debt Its causes and macroeconomic implications - A long-period analysis.pdf:application/pdf}
}

@article{barbosa_filho_crise_2017,
	title = {A crise econômica de 2014/2017},
	volume = {31},
	doi = {10.1590/s0103-40142017.31890006},
	abstract = {Resumo Este artigo mostra que a crise de 2014/2017 é fruto de uma combinação de choques de oferta e demanda resultado de erros de política econômica. Esses choques produziram uma redução da capacidade de crescimento da economia brasileira e risco de insolvência das finanças públicas. A solução da crise fiscal, através da {PEC} do teto dos gastos, fará que o país retome o crescimento econômico a partir de 2017, utilizando a capacidade ociosa da economia. No entanto, a taxa de crescimento do produto potencial não recuperará o ritmo anterior devido aos efeitos duradouros das políticas da Nova Matriz Econômica ({NME}) que reduziram o produto potencial nacional. Recomenda-se, portanto, a adoção de políticas que induzam uma recuperação da produtividade da economia brasileira.},
	pages = {51--60},
	number = {89},
	journaltitle = {Estudos Avançados},
	author = {Barbosa Filho, Fernando de Holanda},
	date = {2017-04},
	keywords = {{METADATA}, Principal, {REVISTO}},
	file = {Barbosa Filho_2017_A crise econômica de 20142017:/home/gabriel/Zotero/storage/T6MCD72A/Barbosa Filho_2017_A crise econômica de 20142017.pdf:application/pdf}
}

@letter{bova_austerity_2018,
	title = {Austerity and inequality: The size and composition of fiscal adjustment matter},
	url = {http://crisisobs.gr/2018/02/austerity-inequality-size-composition-fiscal-adjustment-matter/},
	abstract = {Understanding the distributional consequences of fiscal adjustment measures is important for equity, but also to ensure the sustainability of the measures. This column shows that fiscal adjustments increase inequality, including through unemployment. Spending?based adjustments worsen inequality more significantly than tax? based adjustments. Progressive taxation and targeted social benefits and subsidies introduced in the context of a broader decline in spending can help offset some of the distributional impact of fiscal adjustments.},
	type = {E-mail},
	author = {Bova, Elva and Kinda, Tidiane and Woo, Jaejoon},
	date = {2018},
	file = {Bova, Kinda, Woo_2018_Austerity and inequality The size and composition of fiscal adjustment matter:/home/gabriel/Zotero/storage/RA6NFC7G/Bova, Kinda, Woo_2018_Austerity and inequality The size and composition of fiscal adjustment matter.pdf:application/pdf}
}

@report{brasil_relatorio_2016,
	location = {Brasília},
	title = {Relatório da Distribuição Pessoal da Renda e da Riqueza da População Brasileira: Dados do {IRRF} 2015/2014},
	abstract = {O debate em torno da desigualdade na distribuição da renda tem crescido nos últimos anos. O maior interesse por essa questão tem ocorrido em função de novas pesquisas que apontam que a desigualdade nos estratos mais altos da sociedade é elevada e vem aumentando. Essas constatações têm afetado o debate sobre o desenvolvimento econômico no Brasil e no mundo.},
	pages = {19--19},
	institution = {{MFazenda}},
	author = {Brasil, Secretaria de Política Econômica},
	date = {2016},
	keywords = {Principal, {REVISTO}, {METADATA}},
	file = {BRASIL_2016_Relatório da Distribuição Pessoal da Renda e da Riqueza da População Brasileira Dados do IRRF 20152014:/home/gabriel/Zotero/storage/QGG4QQTF/BRASIL_2016_Relatório da Distribuição Pessoal da Renda e da Riqueza da População Brasileira Dados do IRRF 20152014.pdf:application/pdf}
}

@article{bresser-pereira_como_2017,
	title = {Como sair do regime liberal de política econômica e da quase-estagnação desde 1990},
	volume = {31},
	doi = {10.1590/s0103-40142017.31890002},
	abstract = {Resumo O Brasil cresceu de maneira extraordinária entre 1930 e 1980 sob um regime desenvolvimentista de política econômica; está quase-estagnado desde 1990 sobe um regime liberal. Lula nada fez para mudá-lo; Dilma Rousseff tentou, em 2011, mas logo bateu em retirada. O liberalismo financeiro-rentista é incompatível com o crescimento, porque mantém juros elevadíssimos e câmbio apreciado no longo prazo, que inviabilizam a poupança pública e o investimento privado. Para sair da quase-estagnação, cinco pontos de um regime desenvolvimentista: regra fiscal responsável, juros moderados, câmbio competitivo, acordo social, impostos progressivos.},
	pages = {7--22},
	number = {89},
	journaltitle = {Estudos Avançados},
	author = {Bresser-Pereira, Luiz Carlos},
	date = {2017},
	file = {Bresser-Pereira_2017_Como sair do regime liberal de política econômica e da quase-estagnação desde 1990:/home/gabriel/Zotero/storage/Y83RIP6P/Bresser-Pereira_2017_Como sair do regime liberal de política econômica e da quase-estagnação desde 1990.pdf:application/pdf}
}

@article{carneiro_economia_2017,
	title = {A economia política do ensaio desenvolvimentista},
	volume = {31},
	doi = {10.1590/s0103-40142017.31890007},
	abstract = {{ESTUDOS} {AVANÇADOS} 31 (89), 2017 61 ara analisar a crise que se instala na economia brasileira após 2015, este texto adota a tese de que a política econômica e sua operacionalização são condicionadas por um contexto mais amplo no qual, além das relações de classe, há, no âmbito econômico, aspectos estruturais e cíclicos, conformando um pano de fundo sob o qual as decisões de política econômica são tomadas e produzem seus resultados. No plano estrutural, desde os anos 1990, ocorre a crescente integração da economia brasileira a uma economia financeirizada nos países desenvolvidos, marcada por recorrentes bolhas de preços de ativos e por uma crise financeira de grandes proporções em 2008. Medidas de política econômica para lidar com essa crise, nos países centrais, fundadas na política monetária não convencional, exacerbaram os ciclos de liquidez, subjacentes às bolhas. No âmbito produtivo, observou-se a constituição de cadeias globais de valor com a fragmentação das etapas produtivas, originando uma intensificação da concorrência fundada na redução de preços, acentuada após a crise em razão do aparecimento de capaci-dade ociosa generalizada, mormente na China. No plano doméstico, a economia brasileira assistiu no período 2003/2010 a uma aceleração do crescimento impulsionado, inicialmente, pelos preços das commodities e, posteriormente, pelo rápido crescimento do consumo, e por fim, mas não por último, pelo investimento, induzido por ambos. Esse ciclo, embora peculiar por se acompanhar da melhoria da distribuição da renda, perdeu pro-gressivamente dinamismo. Em parte, pela perda de velocidade da melhoria da distribuição fundada em mecanismos salariais, mas principalmente pelos limites ao endividamento das famílias. Ademais, os programas públicos de transferência de renda, muito relevantes para explicar a melhoria da distribuição, alcançaram um limite no quadro fiscal prevalecente. O investimento, por sua vez, teve seu dinamismo atenuado pelo vazamento de parte da demanda de máquinas e equi-pamentos e insumos intermediários para o exterior, em razão da especialização regressiva. O arrefecimento do ciclo de 2003/2010 impunha a busca de um novo modelo de crescimento. Para tanto, a escolha recaiu na diversificação da estrutu-ra produtiva, para suplantar a especialização regressiva, e na ampliação da infra-estrutura, em parte sobreutilizada, em parte sucateada, por anos de baixo inves-timento. A força motriz principal seria, nesse caso, o investimento autônomo, A economia política do ensaio desenvolvimentista {RICARDO} {CARNEIRO} I P 10.1590/s0103-40142017.31890007},
	pages = {61--66},
	number = {89},
	journaltitle = {Estudos Avançados},
	author = {Carneiro, Ricardo},
	date = {2017},
	file = {Carneiro_2017_A economia política do ensaio desenvolvimentista:/home/gabriel/Zotero/storage/B27NJN5J/Carneiro_2017_A economia política do ensaio desenvolvimentista.pdf:application/pdf}
}

@report{carvalho_growth_2015,
	location = {São Paulo},
	title = {Growth and distribution in Brazil in the 21 st century: revisiting the wage-led versus profit-led debate},
	abstract = {In the 2000s, several Latin American economies, and Brazil in particular, have engaged in relatively successful attempts to combine higher economic growth and lower income inequality. As the Brazilian economy slowed down in more recent years, the sustainability of this growth model has been put into question. After studying the impact of different redistributive policies (e.g. minimum wage, income transfers) on the personal and functional distributions of income in Brazil, the paper discusses the response of aggregate consumption, investment and net exports – as well as the economy's productive structure and inflation rate – to the changes in income distribution itself and other relevant factors. The analysis allows us both to draw lessons to the Neo-Kaleckian literature on demand regimes, pointing towards the importance of some theoretical extensions, and to examine future prospects for the Brazilian economy.},
	pages = {23--23},
	number = {2015 - 25},
	institution = {Department of Economics, University of São Paulo ({FEA}-{USP})},
	author = {Carvalho, Laura and Rugitsky, Fernando},
	date = {2015},
	keywords = {Principal, {REVISTO}, {METADATA}},
	file = {Carvalho, Rugitsky_2015_Growth and distribution in Brazil in the 21 st century revisiting the wage-led versus profit-led debate:/home/gabriel/Zotero/storage/M3YDPRXB/Carvalho, Rugitsky_2015_Growth and distribution in Brazil in the 21 st century revisiting the wage-led versus profit-led debate.pdf:application/pdf}
}

@thesis{da_silveira_politica_2017,
	location = {Campinas - {SP}},
	title = {Política fiscal e(m) Grande Recessão: uma análise com Consistência entre Fluxos e Estoques},
	rights = {All rights reserved},
	pagetotal = {126},
	institution = {Unicamp},
	type = {phdthesis},
	author = {Da Silveira, Gabriel Petrini},
	date = {2017},
	file = {Da Silveira_2017_Política fiscal e(m) Grande Recessão uma análise com Consistência entre Fluxos e Estoques:/home/gabriel/Zotero/storage/KDI5XF6H/Da Silveira_2017_Política fiscal e(m) Grande Recessão uma análise com Consistência entre Fluxos e Estoques.pdf:application/pdf}
}

@article{davila-fernandez_piketty_2016,
	title = {Piketty in the light of Pasinetti and Foley: Income distribution, economic growth and financial fragility},
	volume = {36},
	doi = {10.1590/0101-31572015v36n04a01},
	abstract = {{ABSTRACT} The paper discusses the hypothesis that the functional distribution of income is not necessary stable along the growth path of a capitalist economy. We reviewed Pasinetti and Foley models showing that if we use the traditional definition of capital, i.e., capital as the value of productive resources (i) r {\textgreater} g is a necessary condition for the existence of balanced growth, and it will not lead to an explosive process of income concentration and (ii) r {\textgreater} i is a necessary condition for a financially robust growth path. Thus we conclude that from a post-Keynesian perspective, Piketty's argument that the root of the increase of inequality in capitalism is that the capital return rate is higher than the growth rate of the economy is wrong.},
	pages = {667--683},
	number = {4},
	journaltitle = {Revista de Economia Política},
	author = {Dávila-Fernández, Marwil J. and Oreiro, José Luis},
	date = {2016-12},
	keywords = {Complementar, {METADATA}, {REVISTO}},
	file = {Dávila-Fernández, Oreiro_2016_Piketty in the light of Pasinetti and Foley Income distribution, economic growth and financial fragility:/home/gabriel/Zotero/storage/98ZHZEWJ/Dávila-Fernández, Oreiro_2016_Piketty in the light of Pasinetti and Foley Income distribution, economic growth and financial fragility.pdf:application/pdf}
}

@book{dowbor_era_2017,
	location = {São Paulo},
	edition = {2a Impress},
	title = {A era do capital improdutivo},
	pagetotal = {320},
	publisher = {Outras palavras \& Autonomia Literária},
	author = {Dowbor, Ladislau},
	date = {2017},
	file = {Dowbor_2017_A era do capital improdutivo:/home/gabriel/Zotero/storage/D7YMEPIA/Dowbor_2017_A era do capital improdutivo.pdf:application/pdf}
}

@article{dowbor_entender_2017,
	title = {Entender a crise, retomar as conquistas},
	volume = {31},
	doi = {10.1590/s0103-40142017.31890010},
	abstract = {{ESTUDOS} {AVANÇADOS} 31 (89), 2017 89 modelo brasileiro de desenvolvimento de 2003-2013 ia bem, obrigado. Um conjunto de programas econômicos e sociais, como a elevação do salário mínimo, ampliação das aposentadorias, transferências para as fa-mílias mais pobres, expansão da educação e dos serviços de saúde, amplos in-vestimentos em infraestruturas e outros programas ampliaram a demanda para as empresas, o que, por sua vez, além de gerar produtos, gerou mais de dez milhões de empregos formais, ampliando ainda mais a demanda – levando ao chamado " círculo virtuoso " de crescimento: dinamizou-se a economia, ao mes-mo tempo que se respondia às necessidades reais da população, priorizando quem mais precisa. E como uma economia mais dinâmica gera mais recursos públicos, foi possível equilibrar o financiamento do conjunto, inclusive as polí-ticas sociais e redistributivas. Um modelo que funcionou durante dez anos não é experimento, é caminho. A economia deve sim responder às necessidades da população, e o estado deve ser um articulador importante. Mas a apropriação privada da política e a apropriação da economia pelos intermediários financeiros provocaram a ruptura. 1 Não só travaram o círculo virtuoso, como geraram uma enorme campanha de convencimento da população de que a culpa do travamento foi justamente a orientação redistributiva, a demagogia de um estado querendo ser bonzinho com os pobres, e portanto essencialmente populista e irresponsável. O boicote organizado de toda iniciativa do Estado, o ataque contra as políticas desenvolvi-mentistas em todos os espaços, na mídia, no Judiciário e em particular no Legis-lativo agravaram a crise que na raiz é financeira. Assim conseguiram desarticular os processos democráticos, travar a economia, e ao mesmo tempo atribuir a culpa aos que tinham promovido a política redistributiva. Em nome da nação, naturalmente, em nome da luta contra a corrupção, pois desde sempre a bandi-dagem política das elites se exerce em nome de elevados princípios éticos. Em 1999 um congresso eleito com financiamento das corporações revo-gou a totalidade do artigo 192 que regia o sistema financeiro nacional ({PEC} 53/1999), aliás ao mesmo tempo que nos Estados Unidos, o então presidente Bill Clinton revogava o Glass-Steagall Act. Com a liquidação da base jurídica da regulação financeira, a própria formação do excedente econômico da sociedade deslocou-se da produção para a intermediação financeira, do lucro empresarial para o rentismo improdutivo. A base de interesses econômicos que deu força ao Entender a crise,},
	pages = {89--95},
	number = {89},
	journaltitle = {Estudos Avançados},
	author = {Dowbor, Ladislau},
	date = {2017},
	file = {Dowbor_2017_Entender a crise, retomar as conquistas:/home/gabriel/Zotero/storage/BA7FLMP6/Dowbor_2017_Entender a crise, retomar as conquistas.pdf:application/pdf}
}

@article{dra_universidade_2012,
	title = {Universidade estadual de campinas / instituto de economia / profis},
	pages = {2012--2012},
	number = {1995},
	author = {Dra, Profa and Lucia, Ana},
	date = {2012},
	file = {Dra, Lucia_2012_Universidade estadual de campinas instituto de economia profis:/home/gabriel/Zotero/storage/ANRJ5YAA/Dra, Lucia_2012_Universidade estadual de campinas instituto de economia profis.pdf:application/pdf}
}

@article{ferrari-filho_como_2017,
	title = {Como reverter a atual situação econômica?},
	volume = {31},
	doi = {10.1590/s0103-40142017.31890008},
	abstract = {Resumo O presente artigo objetiva apresentar uma proposição econômica keynesiano-institucionalista para a economia brasileira que seja capaz de assegurar crescimento econômico sustentável, estabilidade monetária e equilíbrios fiscal e externo.},
	pages = {67--73},
	number = {89},
	journaltitle = {Estudos Avançados},
	author = {Ferrari-Filho, Fernando},
	date = {2017},
	file = {Ferrari-Filho_2017_Como reverter a atual situação econômica:/home/gabriel/Zotero/storage/55V949D3/Ferrari-Filho_2017_Como reverter a atual situação econômica.pdf:application/pdf}
}

@article{freitas_texto_2008,
	title = {Texto didático: Abordagem Clássica do excedente},
	pages = {12--12},
	author = {Freitas, Fábio and Serrano, Franklin},
	date = {2008},
	file = {Freitas, Serrano_2008_Texto didático Abordagem Clássica do excedente:/home/gabriel/Zotero/storage/XKYS8EPA/Freitas, Serrano_2008_Texto didático Abordagem Clássica do excedente.pdf:application/pdf}
}

@thesis{goes_crescimento_2006,
	location = {Brasília},
	title = {Crescimento e distribuição de renda: Ensaios sobre macrodinâmica},
	pagetotal = {110},
	institution = {{UnB}},
	type = {Tese (Doutorado)},
	author = {Góes, Geraldo Sandoval},
	date = {2006},
	keywords = {Complementar, {METADATA}, {REVISTO}},
	file = {Góes_2006_Crescimento e distribuição de renda Ensaios sobre macrodinâmica:/home/gabriel/Zotero/storage/MU2VDBJU/Góes_2006_Crescimento e distribuição de renda Ensaios sobre macrodinâmica.pdf:application/pdf}
}

@incollection{jossa_class_1989,
	location = {London},
	title = {Class Struggle and Income Distribution in Kaleckian Theory},
	isbn = {978-1-349-10378-2},
	pages = {142--159},
	booktitle = {Kalecki’s Relevance Today},
	publisher = {Palgrave Macmillan {UK}},
	author = {Jossa, Bruno},
	editor = {Sebastiani, Mario},
	date = {1989},
	doi = {10.1007/978-1-349-10376-8_86-8},
	file = {Jossa_1989_Class Struggle and Income Distribution in Kaleckian Theory:/home/gabriel/Zotero/storage/8FT2X2DI/Jossa_1989_Class Struggle and Income Distribution in Kaleckian Theory.pdf:application/pdf}
}

@article{kalecki_class_1971,
	title = {Class Struggle and the Distribution of National Income},
	volume = {24},
	doi = {10.1111/j.1467-6435.1971.tb00148.x},
	pages = {1--9},
	number = {1},
	journaltitle = {Kyklos},
	author = {Kalecki, Michal},
	date = {1971},
	file = {Kalecki_1971_Class Struggle and the Distribution of National Income:/home/gabriel/Zotero/storage/W8W3WNXH/Kalecki_1971_Class Struggle and the Distribution of National Income.pdf:application/pdf}
}

@article{lacerda_dinamica_2017,
	title = {Dinâmica e evolução da crise: discutindo alternativas},
	volume = {31},
	doi = {10.1590/s0103-40142017.31890005},
	abstract = {Introdução retomada do crescimento se apresenta como um dos grandes desafios para a sociedade brasileira após dois anos de profunda crise, em 2015 e 2016. Depois de um período de expansão da renda e diminuição da desi-gualdade na primeira década deste século, fortemente influenciada pelo desem-penho da economia mundial e da elevação dos preços das commodities, vemo--nos novamente diante da recessão e seus reflexos. Recuperar os investimentos é algo que se mostra imprescindível para a saída da crise. Foram vários os fatores que fizeram que houvesse essa retração. O almejado ajuste fiscal implicou cortes de gastos, incluindo os investi-mentos, não apenas por parte da União, mas também dos estados e municípios. Ressalte-se ainda que o aumento da taxa básica de juros (Selic) e a sua manuten-ção em nível elevado, além de estimular as aplicações financeiras em detrimento dos investimentos na produção e infraestrutura, também encareceu o custo do crédito e do financiamento, outro fator desestimulador das novas inversões. Um terceiro fator foi o impacto da retração chinesa e a queda nos preços das commodities. Ao contrário do se poderia pensar, a diminuição dos preços do petróleo bruto, dos minérios e da soja, para citar os principais, não afetou so-mente o resultado das exportações, mas também inibiu novos projetos por parte de grandes empresas, devido à queda da sua receita e rentabilidade. O quarto fator, a Operação Lava Jato, sem entrar no mérito da sua utilida-de para coibir a corrupção, tem significado na prática a paralisia de setores-chave para o país, como os complexos de petróleo e gás, construção pesada e toda a sua cadeia de fornecedores e prestadores de serviços. Por último, mas não menos importante, a crise política gera incerteza quanto ao futuro, também impactando negativamente as decisões, levando ao adiamento, ou mesmo cancelamento de investimentos. Como todos esses fatores continuam presentes no cenário político-eco-nômico, nada nos faz crer que o quadro possa se alterar e teremos uma nova retração expressiva nos investimentos este ano. Mas, por outro lado, nada indica que estejamos fadados a uma crise intermi-nável. Há aspectos relevantes a serem considerados. O Brasil é o único país do G-20 que tem, por exemplo, uma expressiva demanda ainda reprimida na infraestrutura. Há muitas outras oportunidades no agronegócio, na indústria e nos serviços. Dinâmica e evolução da crise: discutindo alternativas {ANTONIO} {CORRÊA} {DE} {LACERDA} I A 10.1590/s0103-40142017.31890005 {ESTUDOS} {AVANÇADOS} 31 (89), 2017 38 Isso talvez explique a atratividade da economia brasileira para investimen-tos do exterior que tem coberto com sobra os déficits no balanço de transações correntes. Só de investimentos diretos estrangeiros houve ingressos de {US}\$ 79 bilhões no acumulado de 2016, colocando-nos dentre os sete países que mais receberam essa modalidade de capitais, que incluem as fusões e aquisições e ainda os empréstimos intercompanhia. Ou seja, apesar da crise, muitas empresas estrangeiras se interessaram em investir no Brasil, certamente considerando o potencial de mercado e de crescimento futuro. Internamente, as elevadas taxas de juros oferecidas para os credores da dívida pública continuam sendo um fator de desestímulo aos investimentos em novos projetos de infraestrutura. No âmbito federal há um montante mapeado de projetos da ordem de R\$ 200 bilhões em infraestrutura, envolvendo estradas, ferrovias, portos, aero-portos. São oportunidades que, no entanto, não devem se desenvolver no curto prazo. Além do aspecto já apontado da elevada taxa de juros, prevalecem outros de incerteza, como a questão do licenciamento ambiental, que é bastante demo-rada, além de entraves burocráticos e administrativos. Portanto, a criação de um ambiente favorável aos investimentos passa pela resolução ou minimização de todos os aspectos político-econômicos apontados, cuja superação poderá transformar em oportunidade o que muitas vezes é visto apenas como problema, especialmente no que se refere aos gargalos de infraes-trutura e logística.},
	pages = {37--49},
	number = {89},
	journaltitle = {Estudos Avançados},
	author = {Lacerda, Antônio Corrêa},
	date = {2017},
	keywords = {Principal, {REVISTO}, Crise\_BR},
	file = {Lacerda_2017_Dinâmica e evolução da crise discutindo alternativas:/home/gabriel/Zotero/storage/T2XIXC33/Lacerda_2017_Dinâmica e evolução da crise discutindo alternativas.pdf:application/pdf}
}

@inproceedings{mandarino_households_2018,
	location = {Campinas},
	title = {Households' Debt-nanced Consumption: A Supermultiplier {SFC} model},
	abstract = {In the original version of the Sraan Supermultiplier growth model, the autonomous component of demand (Z) is said to be the workers' consumption nanced by credit. Our main objective is to comprehend the implications of the Supermultiplier growth model with workers' debt framed by the Stock-Flow Consistent approach. We run tests in our {SFC} model, shocking variables such as the in-terest rate and the wage share to comprehend their main eects. Results follow the original model, and presents new ones.},
	eventtitle = {I Encontro de Economia de Jovens Pesquisadores {IE}-{UFRJ} \& {IE}-{UNICAMP}},
	author = {Mandarino, Gabriel Mandarino},
	date = {2018},
	keywords = {{REVISTO}, {MIMEO}, {METADATA}},
	file = {Mandarino_2018_Households' Debt-nanced Consumption A Supermultiplier SFC model Households' Debt-financed Consumption A Supermultiplier S:/home/gabriel/Zotero/storage/NTJLAL4B/Mandarino_2018_Households' Debt-nanced Consumption A Supermultiplier SFC model Households' Debt-financed Consumption A Supermultiplier S.pdf:application/pdf}
}

@article{marconi_macroeconomicos_2017,
	title = {Macroeconômicos Na Crise E Na Recuperação},
	volume = {31},
	pages = {97--109},
	number = {89},
	journaltitle = {Estudos Avançados},
	author = {Marconi, Nelson},
	date = {2017},
	file = {Marconi_2017_Macroeconômicos Na Crise E Na Recuperação:/home/gabriel/Zotero/storage/VT8XZ64Q/Marconi_2017_Macroeconômicos Na Crise E Na Recuperação.pdf:application/pdf}
}

@book{milgate_capital_1982,
	location = {London},
	edition = {1},
	title = {Capital and Employment: A study of Keynes's Economics},
	pagetotal = {232},
	publisher = {Elsevier},
	author = {Milgate, Murray},
	editor = {Eatwell, John},
	date = {1982},
	keywords = {Complementar, {REVISTO}}
}

@article{moreira_demanda_2018,
	title = {Demanda efetiva no longo prazo e no processo de acumulação: o debate sraffiano a partir do projeto de Garagnani (1962)},
	volume = {27},
	issn = {No prelo},
	pages = {1--23},
	number = {2},
	journaltitle = {Economia e Sociedade},
	author = {Moreira, Vivian Garrido and Serrano, Franklin},
	date = {2018},
	note = {note =  \{No prelo\}},
	keywords = {Principal, {REVISTO}, Publi\_Futura},
	file = {Moreira, Serrano_2018_Demanda efetiva no longo prazo e no processo de acumulação o debate sraffiano a partir do projeto de Garag(1962):/home/gabriel/Zotero/storage/3RT6H4CG/Moreira, Serrano_2018_Demanda efetiva no longo prazo e no processo de acumulação o debate sraffiano a partir do projeto de Garag(1962).pdf:application/pdf}
}

@inproceedings{moreira_o_2017,
	location = {Brasília ({DF}) {UnB}},
	title = {O debate envolvendo o efeito acelerados e a controvérsia sobre o modelo do supermultiplicador sraffiano},
	abstract = {{RESUMO} O trabalho discute os requisitos teóricos para o ajustamento da capacidade produtiva à tendência da demanda, no contexto do modelo do supermultiplicador sraffiano, através de sua controvérsia na literatura, que girou basicamente em torno da hipótese de acelerador rígido. Para alguns isto implicaria em contínua plena utilização da capacidade, requerendo que a demanda se ajustasse à capacidade. Para outros, implicaria em excessiva sensibilidade do investimento à demanda, gerando instabilidade. Desenvolvimentos recentes, no entanto, confirmam que não há suposição de acelerador rígido, sendo o modelo plenamente compatível com o acelerador flexível e atendendo às condições de crescimento liderado pela demanda. Palavras-Chave: demanda efetiva, lei de Say, acelerador, supermultiplicador. Códigos {JEL}: B51, E11, O41 {THE} {DEBATE} {CONCERNING} {THE} {ACCELERATOR} {EFFECT} {AND} {THE} {CONTROVERSY} {ABOUT} {THE} {SRAFFIAN} {SUPERMULTIPLIER} {MODEL} {ABSTRACT} The paper discusses the requirements for capacity to adjust to the trend of demand, in the context of the controversy over the sraffian supermultiplier model that has revolved basically around the assumption of a rigid accelerator. To some this would imply continuous full capacity utilization, which would require that demand adjusted itself to capacity. To others it would imply that investment is too sensitive to demand, generating instability. Recent developments, however, confirm that the model is fully compatible with flexible accelerator hypotheses and meets the conditions for demand led growth.},
	eventtitle = {Crescimento e distribuição no âmbito de estratégias de desenvolvimento},
	pages = {1--20},
	booktitle = {Anais do X Encontro Internacional da Associação Keynesiana Brasileira},
	publisher = {Even3},
	author = {Moreira, Vivian Garrido and Serrano, Franklin},
	date = {2017},
	keywords = {Principal, Rever editora},
	file = {Moreira, Serrano_2017_O debate envolvendo o efeito acelerados e a controvérsia sobre o modelo do supermultiplicador sraffiano:/home/gabriel/Zotero/storage/JF6EVZVP/Moreira, Serrano_2017_O debate envolvendo o efeito acelerados e a controvérsia sobre o modelo do supermultiplicador sraffiano.pdf:application/pdf}
}

@report{nikiforos_comments_2018,
	location = {Annandale-On-Hudson},
	title = {Some comments on the Sraffian Supermultiplier approach to growth and distribution},
	abstract = {The paper discusses the Sraffian Supermultiplier ({SSM}) approach to growth and distribution. It makes five points. First, in the short run the role of autonomous expenditure can be appreciated within a standard post-Keynesian framework (Kaleckian, Kaldorian, Robinsonian, etc.). Second, and related to the first, the {SSM} model is a model of the long run and has to be evaluated as such. Third, in the long run, one way that capacity adjusts to demand is through an endogenous adjustment of the rate of utilization. Fourth, the {SSM} model is a peculiar way to reach what Garegnani called the " Second Keynesian Position. " Although, it respects the letter of the " Keynesian hypothesis, " it makes investment quasi-endogenous and subjects it to the growth of autonomous expenditure. Fifth, in the long run it is unlikely that " autonomous expenditure " is really autonomous. From a stock-flow consistent point of view this implies unrealistic adjustments after periods of changes in stock-flow ratios. Moreover, if we were to take this kind of adjustment at face value, there would be no space for Minskyan financial cycles. This also creates serious problems for the empirical validation of the model.},
	pages = {1--23},
	number = {907},
	institution = {Levy Economics Institute of Bard College},
	author = {Nikiforos, Michalis},
	date = {2018},
	keywords = {Complementar, {METADATA}, Rever lugar},
	file = {Nikiforos_2018_Some comments on the Sraffian Supermultiplier approach to growth and distribution:/home/gabriel/Zotero/storage/PR7MAPQY/Nikiforos_2018_Some comments on the Sraffian Supermultiplier approach to growth and distribution.pdf:application/pdf}
}

@report{oecd_revenue_2018,
	title = {Revenue Statistics in Latin America and the Caribbean 2018},
	url = {https://www.oecd-ilibrary.org/docserver/rev_lat_car-2018-en-fr.pdf?expires=1522694217&id=id&accname=guest&checksum=630DCA667D67D2E42D7D4B3B634C70E5},
	pages = {308--308},
	number = {9789264292222},
	institution = {{OECD}},
	author = {{OECD} and Bank, Inter-American Center of Tax Administrations {and} Inter-American Development and Caribbean, United Nations Economic Commission for Latin America {and} the},
	date = {2018-03},
	doi = {10.1787/rev_lat_car-2018-en-fr},
	file = {OECD, Bank, Caribbean_2018_Revenue Statistics in Latin America and the Caribbean 2018:/home/gabriel/Zotero/storage/IEWXLWI3/OECD, Bank, Caribbean_2018_Revenue Statistics in Latin America and the Caribbean 2018.pdf:application/pdf}
}

@article{oreiro_grande_2017,
	title = {A grande recessão brasileira: diagnóstico e uma agenda de política econômica},
	volume = {31},
	doi = {10.1590/s0103-40142017.31890009},
	abstract = {Resumo Este artigo tem por objetivo discutir as causas da grande recessão da economia brasileira (2014-2016), bem como apresentar uma agenda de política econômica com vistas à superação dessa crise e retomada do crescimento em bases sustentadas. Argumenta-se que a grande recessão foi causada pela queda acentuada dos gastos de investimento ao longo do ano 2014, cuja origem se encontra na redução das margens de lucro das empresas não financeiras decorrente da elevação do custo unitário do trabalho e da sobrevalorização da taxa de câmbio. Os efeitos recessivos do colapso do investimento foram amplificados pelo realinhamento brusco dos preços relativos ocorrido no primeiro semestre de 2015, e pela contração fiscal executada pelo Ministério da Fazenda no primeiro ano do segundo mandato da presidente Dilma Rousseff. A realização de uma contração fiscal no meio de uma recessão foi, contudo, decorrência da "perda de espaço fiscal" causada pela tendência de redução do resultado primário estrutural observada desde 2007. A superação da atual crise econômica exige a recuperação das margens de lucro das empresas não financeiras, o que requer uma mudança na regra de reajuste do salário mínimo, a continuidade da flexibilização da política monetária e a adoção de um imposto de exportação de commodities. Também é necessário eliminar o caráter pró-cíclico da política fiscal por intermédio da introdução de metas para o resultado primário estrutural.},
	pages = {75--88},
	number = {89},
	journaltitle = {Estudos Avançados},
	author = {Oreiro, José Luis},
	date = {2017},
	file = {Oreiro_2017_A grande recessão brasileira diagnóstico e uma agenda de política econômica:/home/gabriel/Zotero/storage/FYSXVNCE/Oreiro_2017_A grande recessão brasileira diagnóstico e uma agenda de política econômica.pdf:application/pdf}
}

@book{panico_interest_1988,
	location = {London},
	edition = {1},
	title = {Interest and Profit in the Theories of Value and Distribution},
	isbn = {978-0-333-43251-8},
	url = {http://link.springer.com/10.1007/978-1-349-09199-7},
	pagetotal = {X, 299},
	publisher = {Palgrave Macmillan {UK}},
	author = {Panico, Carlo},
	date = {1988},
	doi = {10.1007/978-1-349-09199-7},
	file = {Panico_1988_Interest and Profit in the Theories of Value and Distribution:/home/gabriel/Zotero/storage/RA68N9KU/Panico_1988_Interest and Profit in the Theories of Value and Distribution.pdf:application/pdf}
}

@article{paula_crise_2017,
	title = {Crise e perspectivas para a economia brasileira},
	volume = {31},
	doi = {10.1590/s0103-40142017.31890013},
	abstract = {Introdução economia brasileira, após um período de expansão (2004-2013), em que a taxa de crescimento média foi de 4,0\% a.a., acompanhado por um pro-cesso de melhoria na distribuição de renda e na pobreza, contraiu abrup-tamente a partir de 2014, vindo a sofrer uma forte e prolongada recessão em 2015-2016, com uma taxa de crescimento do {PIB} média negativa em 3,7\%, acompanhado de uma piora em vários indicadores sociais. A discussão sobre as causas da desaceleração econômica e da recessão que a seguiu tem sido bas-tante acalorada, passando por interpretações que atribuem a crise às políticas intervencionistas implementadas recentemente, até aquelas interpretações que sustentam que a recessão é consequência das políticas contracionistas adotadas em 2015/2016 (ou do chamado " austericídio "). É indubitável, contudo, que o " espaço de política " para adoção de políti-cas econômicas autônomas reduziu bastante no Brasil, em função da aceleração inflacionária, piora nos prêmios de risco, desvalorização cambial, deterioração fiscal etc. O objetivo deste artigo é: (i) analisar o ciclo de expansão recente e de desaceleração da economia brasileira (2003-2016); (ii) discutir alternativas de política econômica com vistas à superação da atual crise econômica. Sustenta-mos que, por um lado, houve problemas de coordenação na política econômica adotada no período analisado que contribuíram para sua desaceleração, e, por outro, a retomada do crescimento em base sustentável requer a recuperação dos instrumentos clássicos de política econômica e uma boa coordenação entre políticas de curto e de longo prazos. O artigo está dividido em quatro seções, além desta introdução. A primeira seção analisa o comportamento da economia brasileira no período 2003-2016, assim como as políticas econômicas adotadas nesse período. A segunda avalia por que o " credit crunch " e o excesso de endividamento contribuíram para re-tardar a recuperação. Já a terceira seção sugere algumas políticas que contribuam para a superação da crise econômica. Por fim, a quarta seção conclui o artigo. A economia brasileira no período recente (2003-2016) 1 A economia brasileira desde o início dos anos 1980 tem tido um},
	pages = {125--144},
	number = {3189},
	journaltitle = {Estudos Avançados},
	author = {Paula, Luiz Fernando and Pires, Manoel},
	date = {2017},
	file = {Paula, Pires_2017_Crise e perspectivas para a economia brasileira:/home/gabriel/Zotero/storage/GXTV6VM4/Paula, Pires_2017_Crise e perspectivas para a economia brasileira.pdf:application/pdf}
}

@article{paulani_nao_2017,
	title = {Não há saída sem a reversão da financeirização},
	volume = {31},
	doi = {10.1590/s0103-40142017.31890004},
	abstract = {Introdução este momento da história brasileira, falar de saídas para a crise econô-mica implica considerar duas ordens de fatores que se colocam como pressupostos, a primeira de ordem mais geral, e a segunda mais atinente à questão econômica ou socioeconômica propriamente dita. Farei rápida men-ção à primeira nesta introdução e, na sequência, tratarei de modo mais acurado, ainda que brevemente, da segunda. A consumação do golpe de Estado que destituiu a presidenta eleita Dilma Rousseff em agosto de 2016 agregou à crise econômica e social já em curso uma crise político-institucional de largas proporções, com seguidos conflitos e bate-cabeças entre os poderes constituídos. Àquelas alturas, já estávamos com o sexto trimestre seguido de queda no {PIB}, com o desemprego se elevando em velocidade escalar e com tensões sociais crescentes decorrentes não só da insegurança de renda, que passa a atingir parcela substantiva da população, mas também das dificuldades orçamentárias de estados e municípios, com salários de servidores em atraso e colapso dos serviços públicos. A destituição da presidenta sem efetivo crime de responsabilidade, vis-ta como golpe por boa parte do mundo, inclusive pela imprensa internacional conservadora, explicitou a ilegitimidade dos novos donos do poder, de pronto associada às seguidas e reiteradas denúncias de corrupção envolvendo não só o mandatário mor, como praticamente todo o primeiro escalão do governo. Diante esse quadro, a tese de que o impeachment seria a varinha mágica capaz de restaurar expectativas, recuperar o investimento e fazer renascer o cres-cimento econômico, tese em si bastante discutível, foi rapidamente desmentida, em meio a um cenário de elevada rotatividade dos mais altos quadros governa-mentais, desobediência a ordens judiciais e disputas sobre quem legisla, quem manda e quem julga. Não é preciso grande esforço para perceber que, nesse cenário de degradação, com o grau de incerteza que arrasta consigo, o inves-timento privado não retomaria de imediato por força da mera substituição da chefe do executivo (substituição, de resto, apoiada indistintamente por todas as elites do país, incluindo-se aí a elite econômica, produtiva e/ou rentista). 1 Instalado o caos, a crise política passa a contar como elemento adicional de deterioração do quadro econômico, que, por sua vez, agrava ainda mais a tensão e a desordem político-institucional, num círculo vicioso digno do inferno Não há saída sem a reversão da financeirização {LEDA} {MARIA} {PAULANI} I N 10.1590/s0103-40142017.31890004 {ESTUDOS} {AVANÇADOS} 31 (89), 2017 30 de Dante. Isso posto, parece evidente que uma " resolução " da crise econômica, qualquer que ela seja, passa inexoravelmente pela necessidade de desatar esse nó. Mantidas as atuais condições, ainda que alguma recuperação aconteça por força da natureza cíclica da economia capitalista, 2 ela não passará de um resultado medíocre e insustentável.},
	pages = {29--35},
	number = {89},
	journaltitle = {Estudos Avançados},
	author = {Paulani, Leda Maria},
	date = {2017},
	file = {Paulani_2017_Não há saída sem a reversão da financeirização:/home/gabriel/Zotero/storage/PYYDJR6H/Paulani_2017_Não há saída sem a reversão da financeirização.pdf:application/pdf}
}

@article{piketty_inequality_2014,
	title = {Inequality in the long run.},
	volume = {344},
	doi = {10.1126/science.1251936},
	abstract = {This Review presents basic facts regarding the long-run evolution of income and wealth inequality in Europe and the United States. Income and wealth inequality was very high a century ago, particularly in Europe, but dropped dramatically in the first half of the 20th century. Income inequality has surged back in the United States since the 1970s so that the United States is much more unequal than Europe today. We discuss possible interpretations and lessons for the future.},
	pages = {838--43},
	number = {6186},
	journaltitle = {Science (New York, N.Y.)},
	author = {Piketty, Thomas and Saez, Emmanuel},
	date = {2014-05},
	keywords = {Complementar, {METADATA}, {REVISTO}}
}

@book{pivetti_essay_1992,
	location = {London},
	edition = {1},
	title = {An essay on the monetary theory of distribution},
	pagetotal = {{VIII}, 148},
	publisher = {Palgrave Macmillan {UK}},
	author = {Pivetti, Massimo},
	editor = {Giugni, Marco},
	date = {1992},
	keywords = {Principal, {REVISTO}},
	file = {Pivetti_1992_An essay on the monetary theory of distribution:/home/gabriel/Zotero/storage/NHTHAVWC/Pivetti_1992_An essay on the monetary theory of distribution.pdf:application/pdf}
}

@article{propato_o_2018,
	title = {O raro êxodo do bolsa família},
	url = {http://piaui.folha.uol.com.br/o-raro-exodo-do-bolsa-familia/?utm_campaign=oqel&utm_source=Newsletter},
	pages = {1--7},
	author = {Propato, Valéria},
	date = {2018-06},
	file = {Propato_2018_O raro êxodo do bolsa família:/home/gabriel/Zotero/storage/QAVNJJG5/Propato_2018_O raro êxodo do bolsa família.pdf:application/pdf}
}

@article{queiroz_elisa_2018,
	title = {Elisa Pereira Reis: Olhar pioneiro sobre a desigualdade social},
	url = {http://revistapesquisa.fapesp.br/2018/04/19/elisa-pereira-reis-olhar-pioneiro-sobre-a-desigualdade-social/},
	pages = {26--31},
	number = {266},
	journaltitle = {Pesquisa {FAPESP}},
	author = {Queiroz, Christina},
	date = {2018},
	file = {Queiroz_2018_Elisa Pereira Reis Olhar pioneiro sobre a desigualdade social:/home/gabriel/Zotero/storage/N7U5A6FK/Queiroz_2018_Elisa Pereira Reis Olhar pioneiro sobre a desigualdade social.pdf:application/pdf}
}

@article{ribeiro_o_2016,
	title = {O endividamento da classe trabalhadora no Brasil e o capitalismo manipulatório},
	doi = {10.1590/0101-6628.072},
	abstract = {Resumo O artigo tem como objetivo abordar o endividamento dos trabalhadores no Brasil e a proposta da "educação financeira". Os números do endividamento são impactantes se comparados com as estatísticas do fim do século passado. O Relatório de Estabilidade Financeira ({REF}), publicação semestral do Banco Central do Brasil (Bacen), apresentou em 2014 o índice de endividamento das famílias em 45,5\%, referente a dezembro de 2013. A "educação financeira" surge como ideologia estratégica do capital financeiro, com o objetivo de manipular o consumo e controlar os riscos de inadimplência.},
	pages = {340--359},
	number = {126},
	journaltitle = {Serviço Social \& Sociedade},
	author = {Ribeiro, Rodrigo Fernandes and Lara, Ricardo},
	date = {2016-06},
	keywords = {Principal, {REVISTO}},
	file = {Ribeiro, Lara_2016_O endividamento da classe trabalhadora no Brasil e o capitalismo manipulatório:/home/gabriel/Zotero/storage/F2EDXS6H/Ribeiro, Lara_2016_O endividamento da classe trabalhadora no Brasil e o capitalismo manipulatório.pdf:application/pdf}
}

@article{rolim_determinants_nodate,
	title = {Determinants of Brazilian Aggregate Demand and Investment: the role of wages},
	abstract = {In the 2000s, Brazil experienced a period in which social inclusion took place simultaneously to economic growth, but this was not sustained after the crisis, despite of the maintenance of the income transfer policies. In a Kaleckian perspective, the economic regime can be either wage-or profit-led and it can change through time. The contribution of this paper is to explore the possibility of a regime switch in the Brazilian economy from 2003 to 2014 by discussing the mechanisms that may have led to such shift and by testing this possibility through a structural vector autoregressive model ({SVAR}) with an estimated structural break. The results suggest a demand regime switch from wage-to profit-led and an accumulation regime switch from neutral to profit-led after the first quarter of 2010. Thus, the higher wage share had a positive impact on the Brazilian economy, but such effect weakened when the underlying economic conditions changed.},
	author = {Rolim, Lílian Nogueira},
	file = {Rolim_Unknown_Determinants of Brazilian Aggregate Demand and Investment the role of wages:/home/gabriel/Zotero/storage/5GH2279C/Rolim_Unknown_Determinants of Brazilian Aggregate Demand and Investment the role of wages.pdf:application/pdf}
}

@article{rossi_impactos_2017,
	title = {Impactos da austeridade fiscal no brasil},
	author = {Rossi, Pedro},
	date = {2017},
	file = {Rossi_2017_Impactos da austeridade fiscal no brasil:/home/gabriel/Zotero/storage/FJSN3XNV/Rossi_2017_Impactos da austeridade fiscal no brasil.pdf:application/pdf}
}

@article{rossi_austeridade_2015,
	title = {Austeridade e impactos no Brasil :},
	pages = {1--21},
	author = {Rossi, Pedro and Luiza, Ana and Oliveira, Matos De and Brasil, No},
	date = {2015},
	file = {Rossi et al._2015_Austeridade e impactos no Brasil:/home/gabriel/Zotero/storage/ALUE5IXQ/Rossi et al._2015_Austeridade e impactos no Brasil.pdf:application/pdf}
}

@report{rugitsky_rise_2017,
	location = {São Paulo},
	title = {The rise and fall of the Brazilian economy (2004-2015): the economic antimiracle},
	abstract = {The aim of this paper is to interpret the recent trajectory of the Brazilian economy, from around 2004 to 2015, focusing on the interaction between demand, income distribution, and the productive structure. An interpretative hypothesis is formulated within a framework that combines an effective demand schedule from the Kaleckian growth and distribution literature and a distributive schedule of Goodwin heritage (following Taylor, 2004, and Barbosa-Filho and Taylor, 2006). Such hypothesis indicates the determinants of the growth acceleration and of the increase of the wage share on income that started around 2004, as well as the determinants of their later reversal. Then, the framework is modified to incorporate sectoral heterogeneity, as suggested by Rugitsky (2016), and a modified hypothesis points out that a cumulative process involving reductions of wage inequality and changes of the productive structure may explain part of the recent Brazilian trajectory. Both hypotheses are examined empirically. The contrast of the cumulative process suggested with the one that seems to have taken place during Brazil's " economic miracle " (1968-1973) allows it to be called an economic antimiracle. Abstract: The aim of this paper is to interpret the recent trajectory of the Brazilian economy, from around 2004 to 2015, focusing on the interaction between demand, income distribution, and the productive structure. An interpretative hypothesis is formulated within a framework that combines an effective demand schedule from the Kaleckian growth and distribution literature and a distributive schedule of Goodwin heritage (following Taylor, 2004, and Barbosa-Filho and Taylor, 2006). Such hypothesis indicates the determinants of the growth acceleration and of the increase of the wage share on income that started around 2004, as well as the determinants of their later reversal. Then, the framework is modified to incorporate sectoral heterogeneity, as suggested by Rugitsky (2016), and a modified hypothesis points out that a cumulative process involving reductions of wage inequality and changes of the productive structure may explain part of the recent Brazilian trajectory. Both hypotheses are examined empirically. The contrast of the cumulative process suggested with the one that seems to have taken place during Brazil's " economic miracle " (1968-1973) allows it to be called an economic antimiracle.},
	pages = {1--44},
	institution = {Department of economics, {FEA}-{USP}},
	author = {Rugitsky, Fernando},
	date = {2017},
	keywords = {Kalecki, Principal, {REVISTO}},
	file = {Rugitsky_2017_The rise and fall of the Brazilian economy (2004-2015) the economic antimiracle:/home/gabriel/Zotero/storage/6TZY8Z3C/Rugitsky_2017_The rise and fall of the Brazilian economy (2004-2015) the economic antimiracle.pdf:application/pdf}
}

@report{schettini_novas_2011,
	location = {Brasília},
	title = {Novas evidências empíricas sobre a dinâmica trimestral do consumo agregado das famílias brasileiras no período 1995-2009},
	pages = {1--48},
	institution = {Instituto de Pesquisa e Economia Aplicada ({IPEA})},
	type = {Texto para discussão No 1614},
	author = {Schettini, Bernardo Patta and Dos Santos, Cláudio Hamilton Matos and Amitrano, Cláudio Roberto and Squeff, Gabriel Coelho and Ribeiro, Márcio Bruno and Gouvêa, Raphael Rocha and Orair, Rodrigo Octávio and Sevilhano Martinez, Thiago},
	date = {2011},
	keywords = {Complementar, {REVISTO}, {METADATA}},
	file = {Schettini et al._2011_Novas evidências empíricas sobre a dinâmica trimestral do consumo agregado das famílias brasileiras no períod:/home/gabriel/Zotero/storage/968QX49I/Schettini et al._2011_Novas evidências empíricas sobre a dinâmica trimestral do consumo agregado das famílias brasileiras no períod.pdf:application/pdf}
}

@incollection{serrano_acumulacao_2001,
	location = {Petrópolis},
	title = {A Acumulação e o Gasto Improdutivo na Economia do Desenvolvimento},
	abstract = {[ versão de 15.4.2001] I.ab Introdução O objetivo deste trabalho é discutir o papel jogado nas teorias do desenvolvimento e acumulação dos níveis e taxas de crescimento do que a economia política clássica chamava de 'gasto improdutivo' . A característica marcante deste tipo de gasto é que ele não cria capacidade produtiva e , ao mesmo tempo, não é financiado pela folha de salários da economia. O termo 'gasto improdutivo' será usado neste trabalho para designar todas as despesas que ajudam a realizar (vender) o produto da economia mas não criam capacidade produtiva, menos a parte da folha salarial que retorna " automaticamente " ao conjunto das empresas e que representa o consumo induzido dos trabalhadores. 1 Como estamos interessados no papel macroeconômico do gasto improdutivo, vamos interpretar esta categoria de gastos num sentido amplo, independente de sua forma específica ou do agente ou instituição que o efetue. 2 * O autor agradece o apoio financeiro do {CNPq} e a Fabio Freitas e Carlos Medeiros por inúmeras discussões sobre o tema. ** do {IE}-{UFRJ} 1 Como os economistas clássicos usualmente supunham que os trabalhadores não poupavam estes gastos eram com frequência referidos como gasto improdutivo do excedente. No entanto, quando levamos em conta a possibilidade de poupança dos trabalhadores e que estes também podem financiar seu consumo através do crédito ou alguma riqueza acumulada fica melhor utilizar o termo mais geral 'gasto improdutivo'. 2 Isso significa que serão considerados gasto improdutivo para os propósitos deste artigo todos os gastos públicos (inclusive em investimento pois não criam diretamente capacidade produtiva para o setor privado), todas as exportações (inclusive de bens de capital, pois não criam capacidade para a economia que os exporta), o consumo financiado por crédito ou pela riqueza, tanto de proprietários quanto de trabalhadores e também alguns gastos que com frequência são considerados investimento privado mas não criam capacidade produtiva como despesas empresariais em geral e em pesquisa \& desenvolvimento e em particular boa parte da construção civil que configura em investimento residencial (compra de imóveis para residência). Esta classificação corresponde ao que Garegnani(1962) chamou de 'demanda final' menos o consumo induzido da folha salarial.},
	booktitle = {Polarização mundial e crescimento},
	publisher = {Vozes},
	author = {Serrano, Franklin},
	editor = {Fiori, J. L. and Medeiros, C.},
	date = {2001},
	keywords = {Complementar, {REVISTO}},
	file = {Serrano_2001_A Acumulação e o Gasto Improdutivo na Economia do Desenvolvimento:/home/gabriel/Zotero/storage/ZYB9N5NG/Serrano_2001_A Acumulação e o Gasto Improdutivo na Economia do Desenvolvimento.pdf:application/pdf}
}

@article{serrano_trabajadores_2008,
	title = {Los trabajadores gastan lo que ganan: Kalecki y la economía americana en los años 2000},
	volume = {3},
	abstract = {El objetivo de este trabajo es discutir algunos aspectos de la teoría de la de-manda efectiva de Kalecki (1971) a partir del análisis del crecimiento de la economía americana en las últimas décadas y particularmente en los años 2000. A lo largo de este período hubo en los Estados Unidos un proceso de creciente concentración de la riqueza y del ingreso funcional y personal. Al mismo tiem-po el consumo agregado crece tanto como proporción del producto ({PIB}) como en relación a la ingreso disponible de «las familias» de modo tal que cada vez es mayor el coro de los que se preocupan con la baja y descendente tasa de ahorro de la economía americana. ¿Será que esto significa que tanto la idea de Keynes, de que los ricos tienen mayor propensión marginal a ahorrar, como la idea ka-leckiana (que viene de Marx) de que la propensión marginal a ahorrar de los trabajadores es bastante menor que la de los capitalistas está equivocada? En este trabajo vamos a avalar la visión de Kalecki sobre este y otros temas anali-zando el crecimiento de la economía americana en este período a partir de una visión sraffiana de crecimiento liderado por la demanda y utilizando en particu-lar la interpretación de Barba \& Pivetti (2008) para la evolución del consumo agregado en Estados Unidos. Además de esta introducción, el trabajo se divide en siete secciones. En la sección {II} hacemos brevísimas consideraciones gene-rales sobre la compatibilidad de la visión de Kalecki y el enfoque sraffiano. En la sección {III} presentamos un análisis de la realización de la masa agregada de ganancias en Kalecki llamando la atención sobre el posible papel del crédito al consumidor y de la inversión residencial. Luego analizamos la evolución de la {LOS} {TRABAJADORES} {GASTAN} {LO} {QUE} {NO} {GANAN}},
	pages = {7--24},
	number = {1},
	journaltitle = {Circus},
	author = {Serrano, Franklin},
	date = {2008},
	keywords = {Principal, {REVISTO}},
	file = {Serrano_2008_Los trabajadores gastan lo que ganan Kalecki y la economía americana en los años 2000:/home/gabriel/Zotero/storage/5UW588FV/Serrano_2008_Los trabajadores gastan lo que ganan Kalecki y la economía americana en los años 2000.pdf:application/pdf}
}

@article{serrano_observacoes_2011,
	title = {Observações Sobre as Teorias do Crescimento},
	url = {http://www.excedente.org/wp-content/uploads/2014/09/observac3a7c3b5es-sobre-as-teorias-do-crescimento-agosto-2011.pdf},
	abstract = {O objetivo destas notas é duplo. Em primeiro lugar, apresentar da forma mais simples e básica possível os aspectos principais das diversas teorias do crescimento, tanto neoclássicas quanto heterodoxas. Em segundo lugar, novamente considerando apenas seus aspectos mais essenciais, fazer uma avaliação crítica preliminar das diversas teorias, no que diz respeito tanto a consistência lógico-teórica quanto à possível relevância para o entendimento de alguns fatos estilizados básicos sobre o processo de desenvolvimento. {II}. As teorias neoclássicas do crescimento {II}.1 O mecanismo de mercado na abordagem neoclássica As teorias do crescimento da abordagem neoclássica (ou marginalista) são baseadas na visão da operação normal do mecanismo de mercado erigida a partir do chamado princípio da substituição. De acordo com esta visão, os chamados fatores de produção seriam basicamente substitutos, tanto através da substituição direta na produção, em função inversa de seus preços relativos, quanto por meio da substituição indireta de fatores (que ocorre quando os consumidores substituem os produtos relativamente mais caros, por serem mais intensivos em fatores de produção de preço relativamente mais alto, pelos mais baratos). A suposta existência em desta geral relação inversa entre a quantidade utilizada de cada " fator de produção " e seu preço relativos permitiria, sob condições competitivas, tanto uma tendência de longo prazo à plena utilização das dotações de todos os fatores de produção quanto simultaneamente a caracterização de seus preços relativos como um índice de sua escassez relativa. Nesta abordagem, em condições competitivas (isto é, com flexibilidade nominal e real de seus preços) todos os fatores de produção que tenham um preço positivo são necessariamente escassos e tendem a ser plenamente empregados a longo prazo.},
	pages = {1--23},
	journaltitle = {Mimeo},
	author = {Serrano, Franklin},
	urldate = {2018-07-10},
	date = {2011},
	keywords = {{MIMEO}},
	file = {Serrano_Unknown_Observações Sobre as Teorias do Crescimento:/home/gabriel/Zotero/storage/PW4BB6C2/Serrano_Unknown_Observações Sobre as Teorias do Crescimento.pdf:application/pdf}
}

@article{serrano_uma_2013,
	title = {Uma sugestão para simplificar a teoria da taxa de juros exógena},
	volume = {34},
	pages = {383--406},
	number = {2},
	journaltitle = {Ensaios {FEE}},
	author = {Serrano, Franklin Leon Peres and Summa, Ricardo de Figueiredo},
	date = {2013},
	file = {Serrano, Summa_2013_Uma sugestão para simplificar a teoria da taxa de juros exógena:/home/gabriel/Zotero/storage/VFUK2XVH/Serrano, Summa_2013_Uma sugestão para simplificar a teoria da taxa de juros exógena.pdf:application/pdf}
}

@article{serrano_aspectos_nodate,
	title = {Aspectos Políticos do Desemprego: A Guinada Neoliberal do Brasil},
	author = {Serrano, Franklin and Melin, Luiz Eduardo},
	file = {Serrano, Melin_Unknown_Aspectos Políticos do Desemprego A Guinada Neoliberal do Brasil:/home/gabriel/Zotero/storage/YN22TV8Z/Serrano, Melin_Unknown_Aspectos Políticos do Desemprego A Guinada Neoliberal do Brasil.pdf:application/pdf}
}

@article{serrano_politica_nodate,
	title = {Política Macroeconômica, crescimento e distribuição de renda na Economia Brasileira dos anos 2000},
	abstract = {Resumo O presente artigo avalia o crescimento e a distribuição da renda na Economia Brasileira nos anos 2000, mostrando que a melhora dos indicadores macroeconômicos resulta da interação entre grandes mudanças nas condições externas com as quais a economia brasileira se defrontava (desde 2003) e pequenas mudanças na orientação da política econômica doméstica (desde 2005). Além disso, avalia os limites, pelo lado da competitividade externa e da sustentabilidade do Balanço de Pagamentos, desse tipo de modelo de crescimento com a manutenção do atual sistema de metas de inflação. Por fim, propõe algumas alternativas de política, mostrando que mais do que meras visões diferentes sobre o funcionamento da economia, elas dizem também respeito a resultados diferentes em termos de distribuição funcional da renda. Palavras-chave: Economia Brasileira, Sistema de Metas de Inflação; Crescimento e Distribuição da Renda. Abstract In the paper we evaluate the growth and income distribution in the Brazilian Economy in the 2000s, showing that the improvement of the macroeconomic indicators results from the interaction between major changes in external conditions with which the Brazilian economy was facing (since 2003) and small changes in orientation domestic economic policy (since 2005). We also access the limits, in terms of external competitiveness and the balance of payments sustainability, of this type of growth regime maintaining the current inflation target system. Finally, we propose some alternative policy, showing that more than mere different views on the functioning of the economy, they also concern the different results in terms of functional income distribution.},
	author = {Serrano, Franklin and Summa, Ricardo},
	keywords = {Brazilian Economy, Growth and Income Distribution, Inflation Target System},
	file = {Serrano, Summa_Unknown_Política Macroeconômica, crescimento e distribuição de renda na Economia Brasileira dos anos 2000:/home/gabriel/Zotero/storage/394PY26H/Serrano, Summa_Unknown_Política Macroeconômica, crescimento e distribuição de renda na Economia Brasileira dos anos 2000.pdf:application/pdf}
}

@article{serrano_macroeconomic_2011,
	title = {Macroeconomic Policy, Growth and Income Distribution in the Brazilian Economy in the 2000s},
	volume = {71},
	pages = {55--92},
	number = {282},
	journaltitle = {Investigacion Economica},
	author = {Serrano, Franklin and Summa, Ricardo},
	date = {2011},
	keywords = {brazil, Principal, {REVISTO}},
	file = {Serrano, Summa_2011_Macroeconomic Policy, Growth and Income Distribution in the Brazilian Economy in the 2000s:/home/gabriel/Zotero/storage/TN4CGVT7/Serrano, Summa_2011_Macroeconomic Policy, Growth and Income Distribution in the Brazilian Economy in the 2000s.pdf:application/pdf}
}

@article{serrano_demanda_2015,
	title = {Demanda agregada e a desaceleração do crescimento econômico brasileiro de 2011 a 2014},
	pages = {1--42},
	journaltitle = {Center for economic and policy research},
	author = {Serrano, Franklin and Summa, Ricardo},
	date = {2015},
	keywords = {Principal, {REVISTO}},
	file = {Serrano, Summa_2015_Demanda agregada e a desaceleração do crescimento econômico brasileiro de 2011 a 2014:/home/gabriel/Zotero/storage/WCJE8NBW/Serrano, Summa_2015_Demanda agregada e a desaceleração do crescimento econômico brasileiro de 2011 a 2014.pdf:application/pdf;Serrano, Summa_2015_Demanda agregada e a desaceleração do crescimento econômico brasileiro de 2011 a 2014(2):/home/gabriel/Zotero/storage/N49V99XR/Serrano, Summa_2015_Demanda agregada e a desaceleração do crescimento econômico brasileiro de 2011 a 2014(2).pdf:application/pdf}
}

@article{souza_como_2017,
	title = {Como chegamos a esta crise?},
	volume = {31},
	url = {http://www.scielo.br/pdf/ea/v31n89/0103-4014-ea-31-89-0111.pdf},
	doi = {10.1590/s0103-40142017.31890012},
	abstract = {m poucos meses a situação da economia brasileira sofreu uma brusca inflexão. Já havíamos avançado bastante no segundo semestre de 2016 e parecia que a economia mergulhava ainda mais fundo na maior crise eco-nômica da história republicana, sem perspectivas de encontrar uma luz no fim do túnel. No início de 2017, contudo, o horizonte econômico se abriu e a eco-nomia agora ingressa de forma clara num processo de recuperação. Salvo por novos eventos de excepcional dramaticidade no plano político, a economia seguirá seu curso de expansão que, provavelmente, será mais forte em curto e médio prazos do que atualmente se imagina. A continuidade da recupe-ração é agora fundamentalmente uma questão política, não econômica. O debate sobre o que fazer para a economia se recuperar virou, a meu ver, um tema superado. O crucial, a essa altura, é voltar os olhos para o futuro, com o foco nas políticas econômicas e na construção de um modelo de crescimento consistente, evitando os erros críticos do passado recente. Estamos numa en-cruzilhada e a escolha de um caminho deve definir se vamos finalmente entrar numa rota de crescimento de longo prazo, que nos leve a uma aproximação progressiva do grupo de economias avançadas, ou se vamos ser condenados à mediocridade dos voos de galinha. O presente texto está dividido em três partes, fora esta introdução. Na primeira delas faz-se uma interpretação das origens da crise atual que, embora identifique a existência de múltiplas causas, considera que existe um determi-nante central relacionado à inconsistência do modelo econômico adotado desde meados da década passada. Esse diagnóstico é importante para pensar o que fazer para garantir que se transforme a recuperação que recém se inicia num pro-cesso de desenvolvimento de longo prazo. Na segunda parte, faz-se uma brevís-sima análise do processo de recuperação atual. Ao compará-lo com o ocorrido a partir do segundo semestre de 2003, conclui-se que desta vez corre-se o risco de não ter sequer um ciclo expansivo relativamente longo (como o ocorrido de 2004 a 2011). Caso não acertemos num modelo de crescimento adequado, muito provavelmente teremos apenas um voo de galinha. A terceira parte con-clui com uma discussão sintética sobre a natureza das políticas requeridas para garantir que ingressemos num verdadeiro ciclo de desenvolvimento sustentado. A recessão dos últimos três anos já pode ser considerada como a mais Para que desta vez seja diferente {ESTUDOS} {AVANÇADOS} 31 (89), 2017 112 profunda crise em mais de cem anos (Tabela 1). Com ela foi-se o sonho do cres-cimento robusto, sustentado e socialmente justo, que o país alimentou durante alguns anos – do meio da década passada ao início da atual. De fato, quando consideramos o ciclo completo, do início da expansão, em 2004, ao fundo da crise em 2016, o crescimento anual médio foi de 2,5\%, nada muito distante da quase estagnação em que o país se encontrava desde o início da década de 1990. Tabela 1 – As quatro maiores recesões dos últimos 100 anos},
	pages = {111--123},
	number = {89},
	journaltitle = {Estudos Avançados},
	author = {Souza, Francisco Eduardo Pires},
	date = {2017},
	file = {Souza_2017_Como chegamos a esta crise:/home/gabriel/Zotero/storage/7Z7BB6BV/Souza_2017_Como chegamos a esta crise.pdf:application/pdf}
}

@book{sraffa_producao_1985,
	location = {São Paulo},
	title = {Produção de Mercadorias por Meio de Mercadorias: prelúdio a uma Crítica da Teoria Econômica},
	publisher = {Abril Cultural},
	author = {Sraffa, Piero},
	date = {1985},
	file = {Sraffa_1985_Produção de Mercadorias por Meio de Mercadorias prelúdio a uma Crítica da Teoria Econômica:/home/gabriel/Zotero/storage/CXXZMVDS/Sraffa_1985_Produção de Mercadorias por Meio de Mercadorias prelúdio a uma Crítica da Teoria Econômica.pdf:application/pdf}
}

@article{stockhammer_rising_2015,
	title = {Rising inequality as a cause of the present crisis},
	volume = {39},
	doi = {10.1093/cje/bet052},
	pages = {935--958},
	number = {3},
	journaltitle = {Cambridge Journal of Economics},
	author = {Stockhammer, Engelbert},
	date = {2015-05},
	keywords = {Principal, {REVISTO}, {METADATA}}
}

@article{summa_uma_2016,
	title = {Uma nota sobre a relação entre salário mínimo e inflação no Brasil a partir de um modelo de inflação de custo e conflito distributivo},
	volume = {25},
	url = {http://www.ie.ufrj.br/index.php/index-publicacoes/textos-para-discussao},
	series = {012},
	abstract = {O presente artigo busca discutir a dinâmica da inflação brasileira no período recente e sua relação com a política de valorização do salário mínimo, a partir de um modelo desagregado de inflação de custo. Dessa maneira, discutem-se os possíveis canais de transmissão que levariam a uma relação sistemática ou estrutural entre salário mínimo e inflação à luz dos dados brasileiros. Concluímos com a proposição de que é difícil encontrar uma relação sistemática entre salário mínimo e inflação, mas que parece existir uma relação mais estrutural entre o salário mínimo e a inflação brasileira. Esta última relação passa pelo efeito que a política de salário mínimo em conjunto com outras políticas institucionais têm sobre a melhora de poder de barganha dos trabalhadores e do surgimento de uma inflação salarial mais resistente, a partir de 2006.},
	pages = {733--756},
	number = {3},
	journaltitle = {Economia e Sociedade},
	author = {Summa, Ricardo},
	date = {2016},
	keywords = {cost-push inflation, distributive conflict, minimum wage, nominal wages, real wages},
	file = {Summa_2016_Uma nota sobre a relação entre salário mínimo e inflação no Brasil a partir de um modelo de inflação de custo e confl:/home/gabriel/Zotero/storage/Y2KR3V5F/Summa_2016_Uma nota sobre a relação entre salário mínimo e inflação no Brasil a partir de um modelo de inflação de custo e confl.pdf:application/pdf}
}

@report{szymborska_household_2018,
	location = {The Open University},
	title = {Household wealth structures and position in the income distribution – econometric analysis for the {USA}, 1989-2013},
	abstract = {This paper empirically investigates the relationship between household wealth composition and income inequality in the {USA} between 1989-2013. Interactions between wealth accumulation and income are a vital driver of inequality in capitalist economies. But not enough is known about which types of wealth are more conducive to sustained improvements in household’s position in the income distribution. This paper contributes to the literature by estimating how accumulation of different forms of wealth influences income inequality. Using linear regression analysis and non-parametric median slope estimation with data from the U.S. Survey of Consumer Finances between 1989-2013, we find a statistically significant relationship between household balance sheet composition and position in the distribution of income relative to the median. Greater share of primary residence and low- yielding transaction accounts in total asset portfolio, and higher contribution of unsecured debt to overall debt holdings are found to push households away from the median towards the bottom of the income distribution. Higher relative accumulation of business equity, high-yielding financial investment assets, secured debt, retirement and insurance assets, and other property are found to pull households further away from the median towards the top of the income distribution. The latter effects are found not to be shared equally across gender, racial, and intergenerational groups.},
	pages = {1989--2013},
	institution = {Post Keynesian Economics Society ({PKES})},
	author = {Szymborska, Hanna},
	date = {2018},
	keywords = {Complementar, {REVISTO}, {METADATA}},
	file = {Szymborska_2018_Household wealth structures and position in the income distribution – econometric analysis for the USA, 1989-2013:/home/gabriel/Zotero/storage/2MXLGH9G/Szymborska_2018_Household wealth structures and position in the income distribution – econometric analysis for the USA, 1989-2013.pdf:application/pdf}
}

@article{vincens_interplay_2018,
	title = {The interplay of contextual layers: A multilevel analysis of income distribution, neighborhood infrastructure, socioeconomic position and self-rated health in Brazil},
	volume = {52},
	doi = {10.1016/J.HEALTHPLACE.2018.05.012},
	abstract = {Our hypothesis is that neighborhood infrastructure modifies the association between state-level income distribution and self-rated health. In our findings neighborhood infrastructure amplifies the association between income equality and self-rated health, yet with a differential impact on health according to sex, race and education level favoring individuals at higher socioeconomic positions. Most of the individual health variation attributed to context happens at neighborhood level, based on random effects analyses. Our findings contribute to a further understanding of health inequalities in Brazil. The demonstrated synergism between state, neighborhood and individual level determinants of health supports inter-sectoral policies and interventions in a clearly multileveled way.},
	pages = {155--162},
	journaltitle = {Health \& Place},
	author = {Vincens, Natalia and Emmelin, Maria and Stafström, Martin},
	date = {2018-07},
	keywords = {Principal, {REVISTO}, {METADATA}},
	file = {Vincens, Emmelin, Stafström_2018_The interplay of contextual layers A multilevel analysis of income distribution, neighborhood infrastr:/home/gabriel/Zotero/storage/IN2A4JHI/Vincens, Emmelin, Stafström_2018_The interplay of contextual layers A multilevel analysis of income distribution, neighborhood infrastr.pdf:application/pdf}
}

@article{vincens_social_2018,
	title = {Social capital, income inequality and the social gradient in self-rated health in Latin America: A fixed effects analysis},
	volume = {196},
	doi = {10.1016/j.socscimed.2017.11.025},
	abstract = {Latin America is the most unequal region in the world. The current sustainable development agenda increased attention to health inequity and its determinants in the region. Our aim is to investigate the social gradient in health in Latin America and assess the effects of social capital and income inequality on it. We used cross-sectional data from the World Values Survey and the World Bank. Our sample included 10,426 respondents in eight Latin American countries. Self-rated health was used as the outcome. Education level was the socioeconomic position indicator. We measured social capital by associational membership, civic participation, generalized trust, and neighborhood trust indicators at both individual and country levels. Income inequality was operationalized using the Gini index at country-level. We employed fixed effects logistic regressions and cross-level interactions to assess the impact of social capital and income inequality on the heath gradient, controlling for country heterogeneity. Education level was independently associated with self-rated health, representing a clear social gradient in health, favoring individuals in higher socioeconomic positions. Generalized and neighborhood trust at country-level moderated the effect on the association between socioeconomic position and health, yet favoring individuals in lower socioeconomic positions, especially in lower inequality countries, despite their lower individual social capital. Our findings suggest that collective rather than individual social capital can impact the social gradient in health in Latin America, explaining health inequalities.},
	pages = {115--122},
	issue = {August 2017},
	journaltitle = {Social Science and Medicine},
	author = {Vincens, Natalia and Emmelin, Maria and Stafström, Martin},
	date = {2018},
	keywords = {Income inequality, Cross-level interactions, Fixed-effects, Health disparities, Latin America, Self-rated health, Social capital},
	file = {Vincens, Emmelin, Stafström_2018_Social capital, income inequality and the social gradient in self-rated health in Latin America A fixe:/home/gabriel/Zotero/storage/B66H5AIB/Vincens, Emmelin, Stafström_2018_Social capital, income inequality and the social gradient in self-rated health in Latin America A fixe.pdf:application/pdf}
}

@article{vincens_income_2015,
	title = {Income inequality, economic growth and stroke mortality in Brazil: Longitudinal and regional analysis 2002-2009},
	volume = {10},
	issn = {1932-6203},
	doi = {10.1371/journal.pone.0137332},
	abstract = {{BACKGROUND} {AND} {PURPOSE}: Stroke accounts for more than 10\{\{\}\{\%\}\{\}\} of all deaths globally and most of it occurs in low- and middle-income countries ({LMIC}). Income inequality and gross domestic product ({GDP}) per capita has been associated to stroke mortality in developed countries. In {LMIC}, {GDP} per capita is considered to be a more relevant health determinant than income inequality. This study aims to investigate if income inequality is associated to stroke mortality in Brazil at large, but also on regional and state levels, and whether {GDP} per capita modulates the impact of this association. {METHODS}: Stroke mortality rates, Gini index and {GDP} per capita data were pooled for the 2002 to 2009 period from public available databases. Random effects models were fitted, controlling for {GDP} per capita and other covariates. {RESULTS}: Income inequality was independently associated to stroke mortality rates, even after controlling for {GDP} per capita and other covariates. {GDP} per capita reduced only partially the impact of income inequality on stroke mortality. A decrease in 10 points in the Gini index was associated with 18\{\{\}\{\%\}\{\}\} decrease in the stroke mortality rate in Brazil. {CONCLUSIONS}: Income inequality was independently associated to stroke mortality in Brazil.},
	pages = {1--12},
	number = {9},
	journaltitle = {{PLoS} {ONE}},
	author = {Vincens, Natalia and Stafström, Martin},
	date = {2015},
	file = {Vincens, Stafström_2015_Income inequality, economic growth and stroke mortality in Brazil Longitudinal and regional analysis 2002-2009:/home/gabriel/Zotero/storage/IAH2W523/Vincens, Stafström_2015_Income inequality, economic growth and stroke mortality in Brazil Longitudinal and regional analysis 2002-2009.PDF:application/pdf}
}



@article{fontenelle_alcances_2016,
	title = {Alcances e limites da crítica no contexto da cultura política do consumo},
	volume = {30},
	doi = {10.1590/S0103-40142016.30870015},
	pages = {255--278},
	number = {87},
	journaltitle = {Estudos Avançados},
	author = {Fontenelle, Isleide A.},
	date = {2016-08},
	langid = {portuguese},
	keywords = {Brasil, Classes, Consumo, Principal, {REVISTO}},
	file = {Fontenelle - 2016 - Alcances e limites da crítica no contexto da cultu.pdf:/home/gabriel/Zotero/storage/3AYTDHUU/Fontenelle - 2016 - Alcances e limites da crítica no contexto da cultu.pdf:application/pdf}
}


@online{bhering_conflito_2018,
	title = {Conflito Distributivo e o Fim da “Breve Era de Ouro” da Economia Brasileira},
	rights = {http://www.excedente.org/},
	url = {http://www.excedente.org/artigos/conflito-distributivo-e-o-fim-da-breve-era-de-ouro-da-economia-brasileira/},
	abstract = {O objetivo deste trabalho é discutir as causas principais da interrupção, a partir de 2015,do processo de crescimento com inclusão social que ocorreu na economia brasileira a partir de meados dos anos 2000, processo que chamaremos de "Breve Era de Ouro" da economia brasileira em alusão ao processo semelhante, porém bem mais longo e intenso, que ocorreu nos países centrais depois da Segunda Guerra Mundial até o inicio da década de 70 do século passado. Nossa analise se baseia em duas hipóteses centrais. A primeira é de que, por uma série de razões estruturais operando tanto no lado da oferta quanto da demanda de trabalho, este processo gerou, a despeito das taxas de crescimento da economia não terem sido muito elevadas,uma "revolução indesejada" no mercado de trabalho brasileiro entre 2004 e 2014, que reforçou muito o poder de barganha dos trabalhadores (particularmente os menos qualificados).Esta "revolução indesejada" gerou uma tendência dos salários reais crescerem continuamente},
	titleaddon = {Grupo de Economia Política {IE}-{UFRJ}},
	type = {Text},
	author = {Bhering, Gustavo},
	urldate = {2018-06-30},
	date = {2018-06-26},
	langid = {brazil},
	file = {Snapshot:/home/gabriel/Zotero/storage/E4D5EP9M/conflito-distributivo-e-o-fim-da-breve-era-de-ouro-da-economia-brasileira.html:text/html}
}

@report{serrano_conflito_2018,
	location = {Rio de Janeiro},
	title = {Conflito Distributivo e o Fim da “Breve Era de Ouro” da Economia Brasileira},
	abstract = {O objetivo deste trabalho é discutir as causas principais da interrupção, a partir de 2015,do processo de crescimento com inclusão social que ocorreu na economia brasileira a partir de meados dos anos 2000, processo que chamaremos de “Breve Era de Ouro” da economia brasileira em alusão ao processo semelhante, porém bem mais longo e intenso, que ocorreu nos países centrais depois da Segunda Guerra Mundial até o inicio da década de 70 do século passado.},
	pages = {20},
	institution = {Instituto de Economia, Universidade Federal do Rio de Janeiro ({IE}-{UFRJ})},
	author = {Serrano, Franklin and Summa, Ricardo},
	date = {2018},
	langid = {brazil},
	keywords = {Principal, {REVER} {AUTORES}, Publi\_Futura},
	file = {Serrano, Franklin e Summa, Ricardo - 2018 - Conflito Distributivo e o Fim da “Breve Era de Our.pdf:/home/gabriel/Zotero/storage/LJ7XMYID/Serrano, Franklin e Summa, Ricardo - 2018 - Conflito Distributivo e o Fim da “Breve Era de Our.pdf:application/pdf}
}

@online{da_costa_fernando_nogueira_desigualdade_2014,
	title = {Desigualdade Social em Longo Prazo: Herança},
	url = {https://fernandonogueiracosta.wordpress.com/2014/06/24/desigualdade-social-em-longo-prazo-heranca/},
	shorttitle = {Desigualdade Social em Longo Prazo},
	abstract = {A importância global do capital no século {XXI}, como afirma Thomas Piketty, não é muito diferente do que era no século {XVIII}. Só sua forma mudou: o capital já foi principalmente terra, mas agora é i…},
	titleaddon = {Cidadania \& Cultura},
	author = {{Da Costa, Fernando Nogueira}},
	urldate = {2018-06-30},
	date = {2014-06-24},
	langid = {portuguese},
	keywords = {Desigualdade},
	file = {Snapshot:/home/gabriel/Zotero/storage/DL7MBAUA/desigualdade-social-em-longo-prazo-heranca.html:text/html}
}

@book{benassy-quere_economic_2010,
	location = {New York},
	title = {Economic Policy: Theory and Practice},
	isbn = {978-0-19-532273-6},
	shorttitle = {Economic Policy},
	abstract = {Is the inflation objective of the European central bank set too low? Is European national debt excessive? Is a fixed or floating exchange rate better? Which taxes should be reformed? Can the European standard of living catch up with that of the United States? This book, a translation of a book published in French (de Boeck, 2004), brings precisely argued answers to these questions using rigorous economic analysis. The authors join together for the first time in one volume the fundamentals of the macroeconomic field with analysis of current debates in economic policy. They take the point of view of a policy maker who must intervene in one particular aspect of policy, and thus they put the reader at the cutting edge of the main issues, debates and challenges related to each policy aspect. Economic Policy explores in an open-ended way what various existing theories, macro and micro, have to say on these current policies, and points out the limits of each theory. Overall, it demonstrates to the reader how he or she can build upon the combination of existing theories and also on common sense in order to design adequate policy responses. The work will appeal to a large audience, including students in economics, management, and political science graduate schools, and professional economists and policy makers interested in issues in macroeconomics.},
	publisher = {Oxford University Press, {USA}},
	author = {Benassy-Quere, Agnes and Coeure, Benoit and Jacquet, Pierre},
	date = {2010-09-23}
}

@incollection{dos_santos_claudio_hamilton_matos_notas_nodate,
	title = {Notas sobre as dinâmicas relacionadas do consumo das famílias, da formação bruta de capital fixo e das finanças públicas brasileiras no período 2004-2012},
	booktitle = {Padrão de acumulação e desenvolvimento brasileiro},
	publisher = {Corrêa, Vanessa Petrelli},
	author = {Dos Santos, Cláudio Hamilton Matos},
	langid = {portuguese},
	file = {Corrêa - Padrão de acumulação e desenvolvimento brasileiro.pdf:/home/gabriel/Zotero/storage/SMMYGTW2/Corrêa - Padrão de acumulação e desenvolvimento brasileiro.pdf:application/pdf}
}

@inproceedings{saramago_distribuicao_2018,
	location = {Niterói},
	title = {Distribuição funcional da renda: aspectos conceituais e metodológicos e uma análise de decomposição para a parcela salarial no Brasil (1995-2015)},
	abstract = {A ideia deste trabalho é de contribuir para o pouco explorado campo da distribuição funcional da
renda, analisando a evolução da parcela salarial no Brasil a partir da desagregação da mesma em
salário médio real, produtividade do trabalho e da relação entre os preços dos bens produzidos e dos
bens de consumo dos trabalhadores. A partir dos dados da última referência do Sistema de Contas
Nacionais ({SCN}), produziu-se de uma base de dados atualizada e compatível com as recomendações
do último manual internacional de contas nacionais ({SNA} 2008) para os dados de renda e emprego
até o ano de 1995. Esta foi obtida a partir do uso de uma metodologia que busca dar conta de estender
a série oficial (disponível apenas até 2000) e elimina alguns problemas de medida relacionados à
estrutura de emprego e produto. Após a produção desta base, foi feita uma análise exploratória dos
dados para a economia brasileira. Constatou-se que entre 1995 e 2004 a parcela dos salários na renda
apresentou uma trajetória secular de queda. A partir de 2004, a melhora nas condições
macroeconômicas e do mercado de trabalho permitiu que a parcela salarial voltasse a crescer a partir
de um expressivo aumento do salário real, o que foi contrabalançado por uma evolução dos preços
relativos que permitiu que o crescimento dos salários pressionasse menos as margens de lucro.},
	eventtitle = {{XXIII} {ENEP}},
	author = {Saramago, Hugo Araujo and Freitas, Fábio Neves P. de and Medeiros, Carlos Aguiar de},
	date = {2018},
	keywords = {Principal, {REVISTO}},
	file = {Saramago, Hugo Araujo et al. - 2018 - Distribuição funcional da renda aspectos conceitu.pdf:/home/gabriel/Zotero/storage/6LBR5IX8/Saramago, Hugo Araujo et al. - 2018 - Distribuição funcional da renda aspectos conceitu.pdf:application/pdf}
}

@article{shaikh_successful_nodate,
	title = {Successful Macroeconomic Stimulus},
	pages = {2},
	author = {Shaikh, Anwar},
	langid = {english},
	file = {Shaikh - Successful Macroeconomic Stimulus.pdf:/home/gabriel/Zotero/storage/QL4EZI2V/Shaikh - Successful Macroeconomic Stimulus.pdf:application/pdf}
}

@inproceedings{avancini_investimento_2015,
	location = {Florianópolis},
	title = {Investimento e Crescimento Liderado pela Demanda: Um Estudo para o Caso Brasileiro com Base no Modelo do Supermultiplicador Sraffiano},
	abstract = {No presente estudo, buscou-se investigar, de um ponto de vista empírico, a relação entre a taxa de
investimento em capital produtivo e a taxa de crescimento da economia brasileira com base no modelo do supermultiplicador sraffiano. Para isto, são utilizados dados trimestrais obtidos em fontes
secundárias para o período iniciado no primeiro trimestre de 1996 e finalizado no quarto trimestre de 2012. Diversas técnicas econométricas são utilizadas para identificar e corrigir a presença
de raiz unitária e quebras estruturais nos dados. Os resultados indicam que para os dados de alta
frequência disponíveis na economia brasileira, a dinâmica trimestral da taxa de investimento em
máquinas e equipamentos é bem explicada pelo funcionamento de um mecanismo do tipo acelerador flexível conforme previsto no modelo do Supermultiplicador Sraffiano e que a taxa de crescimento do {PIB} causa no sentido de granger a taxa de investimento em máquinas e equipamentos.},
	eventtitle = {{ANPEC}},
	pages = {20},
	booktitle = {Anais do 43º Encontro Nacional de Economia},
	author = {Avancini, Daniel Paulon and Freitas, Fábio Neves P. de and Braga, Júlia de Medeiros},
	date = {2015},
	langid = {brazil},
	keywords = {Principal, {REVISTO}, {METADATA}},
	file = {Avancini, Daniel Paulon et al. - 2015 - Investimento e Crescimento Liderado pela Demanda .pdf:/home/gabriel/Zotero/storage/MXIGJLID/Avancini, Daniel Paulon et al. - 2015 - Investimento e Crescimento Liderado pela Demanda .pdf:application/pdf}
}

@article{caldeira_qual_2014,
	title = {Qual a novidade dos rolezinhos? espaço público, desigualdade e mudança em São Paulo},
	issn = {0101-3300},
	url = {http://www.scielo.br/scielo.php?script=sci_abstract&pid=S0101-33002014000100002&lng=en&nrm=iso&tlng=pt},
	doi = {10.1590/S0101-33002014000100002},
	shorttitle = {Qual a novidade dos rolezinhos?},
	pages = {13--20},
	number = {98},
	journaltitle = {Novos estudos {CEBRAP}},
	author = {Caldeira, Teresa Pires do Rio},
	urldate = {2018-07-01},
	date = {2014-03},
	file = {Caldeira_2014_Qual a novidade dos rolezinhos.pdf:/home/gabriel/Zotero/storage/88SECTGW/Caldeira_2014_Qual a novidade dos rolezinhos.pdf:application/pdf;Snapshot:/home/gabriel/Zotero/storage/U7QN5PC7/scielo.html:text/html}
}

@article{streeck_citizens_2012,
	title = {Citizens as Customers: Considerations on the New Politics of Consumption},
	pages = {27--47},
	journaltitle = {New Left Review  (76)},
	author = {Streeck, Wolfgang},
	date = {2012},
	langid = {english},
	keywords = {Complementar, {REVISTO}},
	file = {O cidadão como consumidor.html:/home/gabriel/Zotero/storage/Q5EAGC7F/O cidadão como consumidor.html:text/html;Streeck - Citizens as Customers.pdf:/home/gabriel/Zotero/storage/5KSTIEBB/Streeck - Citizens as Customers.pdf:application/pdf}
}

@book{levrero_antonella_sraffa_nodate,
	edition = {Palgrave Macmillan},
	title = {Sraffa and the Reconstruction of Economic Theory},
	volume = {1},
	url = {https://mail.google.com/mail/u/0/?ui=2&view=btop&ver=1bn0t0yy9yodf#attid%253Datt_1646055352a0256b_0.3_f_jj5q4ggy2},
	series = {Theories of Value and Distribution},
	publisher = {Stirati Eds.},
	author = {{Levrero, Antonella} and {Palumbo and Antonella}},
	urldate = {2018-07-03}
}

@collection{levrero_sraffa_2013,
	location = {London},
	title = {Sraffa and the Reconstruction of Economic Theory: Volume One},
	isbn = {978-1-349-34697-4 978-1-137-31683-7},
	url = {http://link.springer.com/10.1057/9781137316837},
	shorttitle = {Sraffa and the Reconstruction of Economic Theory},
	publisher = {Palgrave Macmillan {UK}},
	editor = {Levrero, Enrico Sergio and Palumbo, Antonella and Stirati, Antonella},
	urldate = {2018-07-03},
	date = {2013},
	langid = {english},
	doi = {10.1057/9781137316837},
	file = {Levrero, Antonella Palumbo and Antonella Stirati E.pdf:/home/gabriel/Zotero/storage/KVDYYW3Y/Levrero, Antonella Palumbo and Antonella Stirati E.pdf:application/pdf;Levrero, Antonella Palumbo and Antonella Stirati Eds.-Sraffa and the Reconstruction of Economic Theory_ Volume One Theories of Value and Distribution-Palgrave Macmillan (3).pdf - g155468@g.unicamp.br:/home/gabriel/Zotero/storage/59HICL42/0.html:text/html}
}

@collection{levrero_sraffa_2013-1,
	location = {London},
	title = {Sraffa and the Reconstruction of Economic Theory: Volume Two},
	isbn = {978-1-349-34703-2 978-1-137-31916-6},
	url = {http://link.springer.com/10.1057/9781137319166},
	shorttitle = {Sraffa and the Reconstruction of Economic Theory},
	publisher = {Palgrave Macmillan {UK}},
	editor = {Levrero, Enrico Sergio and Palumbo, Antonella and Stirati, Antonella},
	urldate = {2018-07-03},
	date = {2013},
	langid = {english},
	doi = {10.1057/9781137319166},
	file = {Levrero et al. - 2013 - Sraffa and the Reconstruction of Economic Theory .html:/home/gabriel/Zotero/storage/4VEHEZ2T/Levrero et al. - 2013 - Sraffa and the Reconstruction of Economic Theory .html:text/html}
}




@book{atkinson_desigualdade_2016,
	location = {São Paulo},
	title = {Desigualdade – o que pode ser feito},
	publisher = {Leya},
	author = {Atkinson, Anthony B.},
	date = {2016},
	keywords = {Principal, {REVISTO}}
}

@incollection{grossmann-wirth_role_2018,
	location = {Basileia},
	title = {The Role of Debt Dynamics in {US} Household Consumption},
	series = {Financial and Monetary Policy Studies},
	abstract = {This chapter documents why {US} private consumption, while remaining the key engine of {US} growth, slowed after the financial crisis. To this purpose, we estimate an error-correction model for {US} consumption, accounting for the role of household debt flows before and after the crisis. Contrary to an analysis carried out in terms of net wealth, a decomposition of households’ assets and liabilities shows how the pre-crisis period was characterized by an excessive indebtedness, which was both a source of short-term growth and of financial instability. In the current “new normal” situation, private consumption cannot rely on debt flows as much as before the crisis. This is, therefore, an important “demand-side” explanation for the much-debated low growth recovery.},
	pages = {115--128},
	booktitle = {International Macroeconomics in the Wake of the Global Financial Crisis},
	publisher = {Springer, Cham},
	author = {Grossmann-Wirth, Vincent and Marsilli, Clément},
	date = {2018},
	doi = {10.1007/978-3-319-79075-6_7},
	keywords = {Principal, {REVISTO}, {METADATA}},
	file = {Grossmann-Wirth_Marsilli_2018_The Role of Debt Dynamics in US Household Consumption.pdf:/home/gabriel/Zotero/storage/TGCYHMIA/Grossmann-Wirth_Marsilli_2018_The Role of Debt Dynamics in US Household Consumption.pdf:application/pdf;Snapshot:/home/gabriel/Zotero/storage/JPWBPGZE/978-3-319-79075-6_7.html:text/html}
}

@incollection{ferrara_role_2018,
	location = {Cham},
	title = {The Role of Debt Dynamics in {US} Household Consumption},
	volume = {46},
	isbn = {978-3-319-79074-9 978-3-319-79075-6},
	url = {http://link.springer.com/10.1007/978-3-319-79075-6_7},
	pages = {115--128},
	booktitle = {International Macroeconomics in the Wake of the Global Financial Crisis},
	publisher = {Springer International Publishing},
	author = {Grossmann-Wirth, Vincent and Marsilli, Clément},
	editor = {Ferrara, Laurent and Hernando, Ignacio and Marconi, Daniela},
	urldate = {2018-07-04},
	date = {2018},
	doi = {10.1007/978-3-319-79075-6_7}
}


@online{center_for_open_science_osfhome_nodate,
	title = {{OSFHOME}},
	url = {https://osf.io/},
	author = {{Center for Open Science}},
	urldate = {2018-07-05},
	keywords = {Principal, {REVER}, {ATENÇÃO}},
	file = {Center for Open Science - OSFHOME.html:/home/gabriel/Zotero/storage/Z2GZIGL5/Center for Open Science - OSFHOME.html:text/html}
}

@thesis{brochier_endogenous_2018,
	location = {Campinas},
	title = {Endogenous autonomous expenditures in a Supermultiplier Stock-Flow Consistent model : an appraisal of growth and distribution effects},
	shorttitle = {Endogenous autonomous expenditures in a Supermultiplier Stock-Flow Consistent model},
	abstract = {Resumo: O modelo supermultiplicador (Serrano, 1995; Bortis, 1997) tem ganhado espaço no debate pós-keynesiano. Na sua versão mais recente, o modelo combina o gasto autônomo, que cresce a uma taxa dada exogenamente, com o comportamento harrodiano das firmas (Freitas, 2015; Allain, 2015; Lavoie, 2016). Isso permite que a capacidade se ajuste à demanda no longo prazo, com o grau de utilização retornando ao seu nível considerado normal. O pressuposto de que o crescimento do gasto autônomo é exógeno exclui, quase que por definição, a possibilidade de que alterações na distribuição de renda e nos gastos induzidos (nas propensões a gastar) tenham efeitos permanentes de crescimento. Além disso, tais modelos são, em sua maioria, modelos de fluxo que omitem os determinantes financeiros do gasto autônomo e as implicações das interações entre fluxos e estoques na economia. Levando isso em consideração, a tese se propõe a avaliar os resultados do modelo supermultiplicador quando o pressuposto original - de que o crescimento do componente autônomo de demanda é completamente exógeno - é relaxado. A tese ainda busca analisar as características do modelo supermultiplicador quando estendido a uma estrutura financeira mais complexa, que considere não apenas os fluxos e o estoque de capital, mas também os estoques financeiros. Adota-se para tal a metodologia Stock-Flow Consistent, que permite conciliar ambos objetivos. Procura-se mostrar que a endogeneização do gasto autônomo altera alguns resultados de longo prazo do modelo original. Isso significa que, assim como nos modelos neo-kaleckianos, é possível que, no modelo supermultiplicador, mudanças na distribuição de renda, assim como a expansão da demanda via propensões a gastar, tenham efeitos permanentes de crescimento. Os efeitos de crescimento são ainda reavaliados em uma estrutura que incorpora (a) o conflito distributivo entre trabalhadores e capitalistas, o crescimento endógeno da produtividade do trabalho e o emprego; (b) a interação entre duas economias semelhantes sob diferentes regimes cambiais. No capítulo dois, A Supermultiplier Stock-Flow Consistent model: the ''return'' of the paradoxes of thrift and costs in the long run?, o gasto autônomo é endogeneizado (consumo a partir da riqueza) e os paradoxos da poupança e dos custos são avaliados no longo prazo. Os resultados das simulações numéricas indicam que o paradoxo da poupança permanece válido e que uma parcela de lucros mais baixa pode estar associada a taxas mais elevadas de acumulação de capital, embora com taxas de lucro mais baixas. No capítulo três, Conficting-claims and labour market concerns in a Supermultiplier model, o modelo do capítulo dois é estendido para dar conta da dinâmica do mercado de trabalho. A inflação é incorporada no modelo via conflito distributivo entre trabalhadores e capitalistas e o crescimento endógeno da produtividade do trabalho é introduzido, configurando a endogeneização da distribuição de renda. No capítulo quatro, Growth and distribution in a Two-Country Supermultiplier Stock-Flow Consistent model, o modelo do capítulo 1 é estendido para um sistema de dois países com características semelhantes. Os resultados das simulações numéricas indicam que tanto uma redução no mark-up das firmas quanto o aumento na propensão a consumir a partir da renda têm efeito positivo de crescimento sobre as duas economias em ambos os regimes de câmbio, fixo e flutuante. Além disso, se a condição de Marshall-Lerner for válida, a economia que expande sua demanda doméstica ganha relativamente mais do que a economia parceira (aumenta a sua participação no estoque de capital do sistema). O regime de câmbio ainda influencia, além da distribuição de renda, a distribuição de riqueza entre as economias. Por fim, um estímulo coordenado à demanda faz ambas economias crescerem a uma taxa mais elevada em comparação a um choque isolado à demanda em uma das economias},
	pagetotal = {132},
	institution = {Universidade Estadual de Campinas/Instituto de Economia},
	type = {Tese (Doutorado)},
	author = {Brochier, Lídia},
	date = {2018},
	keywords = {{METADATA}, {REVISTO}},
	file = {Brochier_2018_Endogenous autonomous expenditures in a Supermultiplier Stock-Flow Consistent.pdf:/home/gabriel/Zotero/storage/KYVIF4XY/Brochier_2018_Endogenous autonomous expenditures in a Supermultiplier Stock-Flow Consistent.pdf:application/pdf;Snapshot:/home/gabriel/Zotero/storage/8ZDMSMQR/331696.html:text/html}
}

@report{receita_federal_grandes_2016,
	location = {Brasília},
	title = {Grandes Números {IRPF} – Ano-Calendário 2016, Exercício 2017},
	pages = {36},
	institution = {Ministério da Fazenda},
	author = {Receita Federal, Centro de Estudos Tributários e Aduaneiros},
	date = {2016},
	langid = {portuguese},
	keywords = {Rever autor},
	file = {Santana et al. - 2016 - Grandes Números IRPF – Ano-Calendário 2016, Exercí.pdf:/home/gabriel/Zotero/storage/4IMVPQCR/Santana et al. - 2016 - Grandes Números IRPF – Ano-Calendário 2016, Exercí.pdf:application/pdf}
}

@report{gobetti_tributacao_2016,
	location = {Brasília ({DF})},
	title = {Tributação e distribuição da renda no Brasil: novas evidências a partir das declarações tributárias das pessoas físicas},
	abstract = {This article discuss if the empirical findings of the French economist Thomas Piketty on concentration of income and wealth in capitalist economies, mainly driven by income from capital, do not apply for Brazil. It raises the question that the under-reporting of top incomes in household surveys may compromise the conclusions that inequality is falling in the country. National accounts and income tax databases shows that the hypothesis that capital incomes are growing faster than labor income and that global inequality is increasing cannot be proved false.},
	pages = {20},
	institution = {Centro Internacional de Políticas para o Crescimento Inclusivo ({IPC}-{IG})},
	author = {Gobetti, Sérgio Wulff and Orair, Rodrigo Octávio},
	date = {2016-02},
	langid = {portuguese},
	keywords = {{REVISTO}, {METADATA}},
	file = {Gobetti e Orair - 2016 - Tributação e distribuição da renda no Brasil nova.pdf:/home/gabriel/Zotero/storage/IDHIKUXP/Gobetti e Orair - 2016 - Tributação e distribuição da renda no Brasil nova.pdf:application/pdf}
}

@report{afonso_irpf_2014,
	location = {Rio de Janeiro},
	title = {{IRPF} e desiguldade em debate no Brasil: O já revelado e o por revelar},
	pages = {49},
	institution = {{FGV} {IBRE}},
	author = {Afonso, José Roberto R},
	date = {2014-08},
	langid = {portuguese},
	keywords = {{REVISTO}, {METADATA}},
	file = {Afonso - IRPF E DESIGUALDADE EM DEBATE NO BRASIL.pdf:/home/gabriel/Zotero/storage/38XS7R3T/Afonso - IRPF E DESIGUALDADE EM DEBATE NO BRASIL.pdf:application/pdf}
}

@article{medeiros_upper_2015,
	title = {The Upper Tip of Income Distribution in Brazil: First Estimates with Income Data and a Comparison with Household Surveys (2006-2012)},
	volume = {58},
	issn = {0011-5258},
	doi = {10.1590/00115258201537},
	abstract = {Este artigo apresenta a primeira estimativa da concentração de renda entre osmais ricos no Brasil calculada com base nas declarações de Imposto de Renda {dePessoas} Físicas para os anos de 2006 a 2012. As principais medidas dedesigualdade são as frações da renda total apropriada pelos 0,1\%, 1\% e 5\% maisricos. Os resultados são testados e comparados com os das pesquisas domiciliaresbrasileiras. O artigo conclui que os dados tributários revelam uma concentraçãono topo substancialmente maior do que as outras fontes e, em termos gerais, elapermanece estável no período analisado.Palavras-Chave: desigualdade de renda; altos rendimentos; ricos; imposto de renda},
	pages = {7--36},
	number = {1},
	journaltitle = {Dados - Revista de Ciências Sociais},
	author = {Medeiros, Marcelo and Souza, Pedro H. G. Ferreira de and Castro, Fábio Avila de and Medeiros, Marcelo and Souza, Pedro H. G. Ferreira de and Castro, Fábio Avila de},
	date = {2015-03},
	keywords = {{METADATA}, Rever revista},
	file = {Medeiros et al_2015_The Upper Tip of Income Distribution in Brazil.pdf:/home/gabriel/Zotero/storage/8YCRJKQU/Medeiros et al_2015_The Upper Tip of Income Distribution in Brazil.pdf:application/pdf;Snapshot:/home/gabriel/Zotero/storage/KH96B3MC/scielo.html:text/html}
}

@article{souza_distribuicao_2015,
	title = {A distribuição de renda nas pesquisas domiciliares brasileiras: harmonização e comparação entre Censos, {PNADs} e {POFs}},
	volume = {32},
	doi = {10.1590/S0102-30982015000000009},
	pages = {165--188},
	number = {1},
	journaltitle = {Revista Brasileira de Estudos de População},
	author = {Souza, Pedro Herculano Guimarães Ferreira de},
	date = {2015-04},
	keywords = {{REVISTO}},
	file = {Snapshot:/home/gabriel/Zotero/storage/KFFBH576/scielo.html:text/html;Souza_2015_A distribuição de renda nas pesquisas domiciliares brasileiras.pdf:/home/gabriel/Zotero/storage/EP9Z7FSL/Souza_2015_A distribuição de renda nas pesquisas domiciliares brasileiras.pdf:application/pdf}
}

@book{veblen_teoria_1965,
	location = {São Paulo},
	title = {A teoria da classe ociosa: um estudo econômico das instituições},
	shorttitle = {A teoria da classe ociosa},
	publisher = {Pioneira},
	author = {Veblen, Thorstein},
	date = {1965},
	note = {{OCLC}: 683349119},
	keywords = {{REVISTO}}
}

@report{godley_seven_1999,
	location = {Annandale-On-Hudson},
	title = {Seven Unsustainable Processes: Medium-Term Prospects and Policies for the United States and the World},
	shorttitle = {Seven Unsustainable Processes},
	abstract = {The purpose of the paper is not to make short-term predictions about the life expectancy of the current economic expansion in the United States, but to determine if the present stance of fiscal and trade policy is appropriate looking to the medium turn. The expansion has been generated by economic processes that are unsustainable--processes in private saving, private borrowing, and asset prices that have fueled the growth of demand against a negative impetus both from fiscal policy and from net export demand. Given unchanged fiscal policy and the consensus forecast for growth in the rest of the world, continued expansion requires that private expenditure continue to expand relative to income on a record and growing scale, and it seems impossible that this source of growth can be forthcoming indefinitely, although it may well continue into next year. When private demand falters, it will be necessary to bring about a substantial relaxation of fiscal policy and to ensure that there is a structural improvement in the United States's balance of payments.},
	number = {99-10},
	institution = {Levy Economics Institute},
	author = {Godley, Wynne},
	date = {1999-10},
	langid = {english},
	keywords = {{REVISTO}, {CITAR} (apenas)},
	file = {Godley_1999_Seven Unsustainable Processes.pdf:/home/gabriel/Zotero/storage/NDGALVZX/Godley_1999_Seven Unsustainable Processes.pdf:application/pdf;Snapshot:/home/gabriel/Zotero/storage/VSPSWAI7/99-10.html:text/html}
}

@article{lima_elementos_2018-1,
	title = {Elementos da obra de Thomas Piketty para pensar a desigualdade no século {XXI}},
	volume = {12},
	issn = {1981-089X},
	doi = {10.5380/geografar.v12i2.56480},
	pages = {285--290},
	number = {2},
	journaltitle = {Geografar},
	author = {Lima, Flávio Ribeiro},
	date = {2018-02-15},
	keywords = {{RESENHA}, {REVISTO}},
	file = {Lima - 2018 - ELEMENTOS DA OBRA DE THOMAS PIKETTY PARA PENSAR A .pdf:/home/gabriel/Zotero/storage/55RCX6Z6/Lima - 2018 - ELEMENTOS DA OBRA DE THOMAS PIKETTY PARA PENSAR A .pdf:application/pdf;Snapshot:/home/gabriel/Zotero/storage/9C72KLTL/34725.html:text/html}
}

@article{avritzer_crescimento_nodate,
	title = {Crescimento e a Distribuição Funcional da Renda no Brasil (1952-2011)},
	abstract = {This work aims to study the relationship between economic growth and income distribution. From the theoretical models of Cambridge, neo-Kaleckian and supermultiplier it is possible to establish two types of effects. The first, called level effect is predicted in all models, and establishes a direct relationship from the the wage share to the level of output which occurs via changes in the components of demand. The second, called growth effect occurs only in the neo-Kaleckian models, and is the causality relationship from the wage share to output growth. From this typology, we analyze the presence of these two effects in the empirical literature. It follows that there is no evidence of growth effect in this literature, but only level effect. Similarly, estimates indicate that, for the Brazilian economy the only statistically significant relationship found is a level effect, starting from the economic stability in 1994.},
	pages = {21},
	author = {Avritzer, Joana David},
	langid = {portuguese},
	keywords = {{REVER}, {METADATA}},
	file = {Avritzer - Crescimento e a Distribuição Funcional da Renda no.pdf:/home/gabriel/Zotero/storage/A4Z7KF3N/Avritzer - Crescimento e a Distribuição Funcional da Renda no.pdf:application/pdf}
}

@article{avritzer_crescimento_nodate-1,
	title = {Crescimento e a Distribuição Funcional da Renda no Brasil (1952-2011)},
	pages = {115},
	author = {Avritzer, Joana David},
	langid = {portuguese},
	file = {Avritzer - Crescimento e a Distribuição Funcional da Renda no.pdf:/home/gabriel/Zotero/storage/G2UTYTYF/Avritzer - Crescimento e a Distribuição Funcional da Renda no.pdf:application/pdf}
}

@article{behringer_us_nodate,
	title = {{US} Household Sector Borrowing in the Long Run: Structural Change and Causality},
	pages = {27},
	author = {Behringer, Jan and Wildauer, Rafael},
	langid = {english},
	keywords = {{REVER}, {MIMEO}},
	file = {Behringer e Wildauer - US Household Sector Borrowing in the Long Run Str.pdf:/home/gabriel/Zotero/storage/9K2NLRZA/Behringer e Wildauer - US Household Sector Borrowing in the Long Run Str.pdf:application/pdf}
}

@article{mila_public_nodate,
	title = {Public Policy and Development Master Dissertation},
	abstract = {This paper presents new estimates on income concentration in Brazil over its development trajectory from 1933 to 2013 using individual tax records. The findings confirm Brazil’s status as one of the world’s most unequal countries, with concentration levels unrivalled elsewhere. Income has been highly concentrated at the top of the distribution, with the top 1 per cent amassing a share of 27 percent in 2013, and consistently fluctuating around 25 per cent since the mid 1970’s. The majority of the income of the very rich in Brazil is not subject to the personal income tax, explaining their low tax liability and the difference between top shares of taxable income and top shares of total income, the latter registering much higher levels of concentration. We also present evidence that household surveys underestimate the extent of income inequality in Brazil. The overall findings illustrate the additional taxable capacity of top income groups, especially in a context where they are not investing as much in the productive capacities of the economy as their share of total income would justify.},
	pages = {165},
	author = {Milá, Marc Morgan},
	langid = {english},
	keywords = {{REVER}},
	file = {Milá - Public Policy and Development Master Dissertation.pdf:/home/gabriel/Zotero/storage/IT4WPCAY/Milá - Public Policy and Development Master Dissertation.pdf:application/pdf}
}

@article{ranaldi_measurement_nodate,
	title = {On the Measurement of Functional Income Distribution},
	abstract = {The present work proposes a framework for the analysis of inequality in income composition. Hinging on the recent work by Ranaldi (2017), we here propose a metric of income-factor polarization, the Income-Factor Polarization Index If , that captures the extent to which two income sources, notably proﬁts and wages, are polarized across the distribution of income. We measure income-factor polarization as the distance between the Polarization Curve for Income Source and the Zero-Polarization Curve, suitably normalized. The former is the cumulative distribution of income source across the population with individuals being indexed by their income rank, and the latter is the benchmark of zero inequality in income composition, deﬁned as the situation in which each individual has the same population share of proﬁts and wages (Ranaldi, 2017). The greater the distance, the higher the polarization. We show that the index narrows down to a single one the two conditions for the rising share of capital income to increase overall income Gini introduced by Milanovic (2017), which is: If {\textgreater} 0. The methodology is ﬁnally illustrated via an empirical application on the case of Italy.},
	pages = {34},
	author = {Ranaldi, Marco},
	langid = {english},
	keywords = {{REVER}},
	file = {Ranaldi - On the Measurement of Functional Income Distributi.pdf:/home/gabriel/Zotero/storage/JJSM3EIB/Ranaldi - On the Measurement of Functional Income Distributi.pdf:application/pdf}
}

@article{freitas_growth_2015,
	title = {Growth Rate and Level Effects, the Stability of the Adjustment of Capacity to Demand and the Sraffian Supermultiplier},
	volume = {27},
	doi = {10.1080/09538259.2015.1067360},
	abstract = {The paper presents a simple but complete formal version of the Sraffian supermultiplier model in which (i) growth is led by the autonomous components of demand that do not create capacity; (ii) private productive investment is an induced expenditure; and (iii) income distribution is exogenous. We show that the main results of the long-period and fully adjusted versions of the model in terms of growth rate and level effects are quite similar and therefore that such results in no way require the full adjustment of capacity to demand. We then analyze a simple set of sufficient dynamic local stability conditions that allow the long-period positions to gravitate towards the fully adjusted position in which capacity is adjusted to demand and that also provide the upper limit to demand-led growth paths. Finally, we show how some critics of the model have misinterpreted it as being supply-led and how this has led to a further confusion between the analysis of the tendency towards a constant value of the capacity-saving-determined warranted rate of growth and the proper stability analysis of the opposite process of adjusting capacity to demand (which tends to adjust the warranted rate endogenously to the growth rate of autonomous demand).},
	pages = {258--281},
	number = {3},
	journaltitle = {Review of Political Economy},
	author = {Freitas, Fabio and Serrano, Franklin},
	date = {2015-07-03},
	keywords = {{METADATA}, {REVISTO}},
	file = {Snapshot:/home/gabriel/Zotero/storage/3ZECX7DU/09538259.2015.html:text/html}
}

@article{girardi_long-run_2016,
	title = {Long-run Effective Demand in the {US} Economy: An Empirical Test of the Sraffian Supermultiplier Model},
	volume = {28},
	doi = {10.1080/09538259.2016.1209893},
	abstract = {The Sraffian supermultiplier is a model of demand-led growth that stresses the importance of the autonomous components of aggregate demand (exports, public spending and autonomous consumption). This article tests empirically some major implications of the model employing macroeconomic data for the United States. In particular, we study the long-run relation between autonomous demand and output through cointegration analysis. The results suggest that autonomous demand and output are cointegrated and that autonomous demand exerts a long-run effect on output. There is also some evidence of simultaneous causality, especially in the short-run. Movements in autonomous demand and in the investment share are also found to be positively related, with Granger-causality going from Z to I/Y.},
	pages = {523--544},
	number = {4},
	journaltitle = {Review of Political Economy},
	author = {Girardi, Daniele and Pariboni, Riccardo},
	date = {2016-10-01},
	keywords = {{METADATA}, {REVISTO}},
	file = {Snapshot:/home/gabriel/Zotero/storage/26E2RHHV/09538259.2016.html:text/html}
}

@article{serrano_sraffian_2017,
	title = {The Sraffian supermultiplier as an alternative closure for heterodox growth theory},
	volume = {14},
	doi = {10.4337/ejeep.2017.01.06},
	abstract = {This paper aims to show that the Sraffian supermultiplier model provides an alternative closure for the heterodox analysis of economic growth. The new closure follows from the assumption of the existence of autonomous non-capacity-creating expenditures, which implies that the ratio of the average to the marginal propensity to save is an endogenous variable whose determination allows the marginal propensity to invest to determine the saving ratio without the need for changes in income distribution. Provided it is also assumed that capitalist competition leads to gradual changes in the marginal propensity to invest in order to adjust productive capacity to demand, the new closure (in contrast to the Cambridge and neo-Kaleckian closures) allows us to reconcile demand-led growth, exogenous distribution, and a tendency towards normal capacity utilization.},
	pages = {70--91},
	number = {1},
	journaltitle = {European Journal of Economics and Economic Policies: Intervention},
	author = {Serrano, Franklin and Freitas, Fabio},
	date = {2017-04-01},
	langid = {american},
	keywords = {{REVISTO}, {METADATA}},
	file = {Snapshot:/home/gabriel/Zotero/storage/4ZSEBA5X/ejeep.2017.01.06.html:text/html}
}

@report{cesaratto_neo-kaleckian_2012,
	title = {Neo-Kaleckian and Sraffian controversies on accumulation theory},
	url = {https://ideas.repec.org/p/usi/wpaper/650.html},
	abstract = {With some exceptions, non-orthodox economists share the ‘Keynesian Hypothesis’ of the independence of investment from capacity-savings, in the long-run no less than the short-run. This hypothesis marks an essential point of difference from neo-classical theory. Keynes showed that within the limits of the existing capacity utilisation, it is investment that determines savings. The correct way to extend this conclusion to the long run is the object of the present paper. In particular, it provides an assessment of the controversy on demand-led growth theory that has taken place since the mid-1980s between neo-Kaleckian and Sraffian authors, particularly those closer to the late Piero Garegnani’s ‘surplus approach’. For the sake of the argument the Sraffian front is divided between a first and a second Sraffian position (the second defined as Sraffian supermultiplier approach). Although I argue that the second approach is the most promising, the dissention should not be over-emphasised, so will also often generically refer to Sraffian authors.},
	number = {650},
	institution = {Department of Economics, University of Siena},
	author = {Cesaratto, Sergio},
	urldate = {2018-07-11},
	date = {2012-08},
	langid = {english},
	keywords = {{REVER}},
	file = {Cesaratto_2012_Neo-Kaleckian and Sraffian controversies on accumulation theory.pdf:/home/gabriel/Zotero/storage/UDGKYU23/Cesaratto_2012_Neo-Kaleckian and Sraffian controversies on accumulation theory.pdf:application/pdf;Snapshot:/home/gabriel/Zotero/storage/GCN2J32R/650.html:text/html}
}

@article{brochier_macroeconomics_2017,
	title = {The macroeconomics implications of consumption: state-of-art and prospects for the heterodox future research},
	volume = {35},
	rights = {Direitos autorais 2017 Análise Econômica},
	doi = {10.22456/2176-5456.65689},
	abstract = {The recent {US} economic scenario has motivated a series of heterodox papers concerned with household indebtedness and consumption. Though discussing autonomous consumption, most of the theoretical papers rely on private investment-led growth models. An alternative approach is the so-called Sraffian supermultipler model, which treats long-run investment as induced, allowing for the possibility that other final demand components – including consumption – may lead long-run growth. We suggest that the dialogue between these approaches is not only possible but may prove to be quite fruitful.},
	issue = {especial},
	journaltitle = {Análise Econômica},
	author = {Brochier, Lídia and Macedo e Silva, Antonio Carlos},
	date = {2017-08-05},
	langid = {english},
	keywords = {{METADATA}, {REVISTO}},
	file = {Brochier_Silva_2017_THE MACROECONOMIC IMPLICATIONS OF CONSUMPTION.pdf:/home/gabriel/Zotero/storage/EBDGTL4Z/Brochier_Silva_2017_THE MACROECONOMIC IMPLICATIONS OF CONSUMPTION.pdf:application/pdf}
}

@thesis{serrano_sraffian_1995,
	location = {Cambridge},
	title = {The sraffian supermultiplier},
	institution = {University of Cambridge},
	type = {phdthesis},
	author = {Serrano, Franklin {LP}},
	date = {1995},
	keywords = {{REVISTO}, {METADATA}},
	file = {Fulltext:/home/gabriel/Zotero/storage/C9WVNTEC/Serrano - 1995 - The sraffian supermultiplier.pdf:application/pdf;Serrano_1995_The sraffian supermultiplier.pdf:/home/gabriel/Zotero/storage/FVZQV2AN/Serrano_1995_The sraffian supermultiplier.pdf:application/pdf}
}

@article{freitas_supermultiplicador_2007,
	title = {El supermultiplicador sraffiano y el papel dela demanda efectiva en los modelos de crescimeno},
	volume = {1},
	pages = {19--35},
	number = {1},
	journaltitle = {Circus},
	author = {Freitas, F. and Serrano, F.},
	date = {2007-10},
	keywords = {{REVISTO}, {METADATA}},
	file = {Freitas_Serrano_2007_O Supermultiplicador Sraffiano e o papel da Demanda Efetiva nos Modelos de.pdf:/home/gabriel/Zotero/storage/BR93GQPI/Freitas_Serrano_2007_O Supermultiplicador Sraffiano e o papel da Demanda Efetiva nos Modelos de.pdf:application/pdf;Fulltext:/home/gabriel/Zotero/storage/FH5X3MN8/Freitas e Serrano - 2007 - O Supermultiplicador Sraffiano e o papel da Demand.pdf:application/pdf}
}

@article{serrano_o_2000,
	title = {O modelo de dois hiatos e o supermultiplicador},
	volume = {4},
	pages = {37--64},
	number = {2},
	journaltitle = {Revista de Economia Contemporânea},
	author = {Serrano, Franklin and De Souza, Luiz Daniel Wilxocx},
	date = {2000},
	keywords = {{REVISTO}, {METADATA}, {FORA}},
	file = {Fulltext:/home/gabriel/Zotero/storage/CRLR56HC/Serrano e Willcox - 2000 - O modelo de dois hiatos e o supermultiplicador.pdf:application/pdf;Serrano_Willcox_2000_O modelo de dois hiatos e o supermultiplicador.pdf:/home/gabriel/Zotero/storage/5EZ53TRN/Serrano_Willcox_2000_O modelo de dois hiatos e o supermultiplicador.pdf:application/pdf}
}

@thesis{guimaraes_credito_2016,
	location = {Rio de Janeiro},
	title = {Crédito às famílias no Brasil (2004-2014): uma análise descritiva e um estudo de sua sustentabilidade},
	shorttitle = {Crédito às famílias no Brasil (2004-2014)},
	pagetotal = {49},
	institution = {Universidade Federal do Rio de Janeiro},
	type = {Monografia},
	author = {Guimarães, Danilo Jorge Braz},
	date = {2016},
	keywords = {{REVISTO}},
	file = {Guimarães_2016_Crédito às famílias no Brasil (2004-2014).pdf:/home/gabriel/Zotero/storage/ESR792IK/Guimarães_2016_Crédito às famílias no Brasil (2004-2014).pdf:application/pdf;Snapshot:/home/gabriel/Zotero/storage/YUHGFX55/1254.html:text/html}
}

@thesis{cavalcanti_divida_2017,
	location = {Rio de Janeiro},
	title = {Dívida pública e crescimento liderado pela demanda na perspectiva do modelo do supermultiplicador sraffiano},
	pagetotal = {139},
	institution = {Universidade Federal do Rio de Janeiro},
	type = {Dissertação (Mestrado)},
	author = {Cavalcanti, Rodrigo Christianes},
	date = {2017},
	keywords = {{REVISTO}, {METADATA}},
	file = {Cavalcanti_2017_DÍVIDA PÚBLICA E CRESCIMENTO LIDERADO PELA DEMANDA NA PERSPECTIVA DO MODELO DO.pdf:/home/gabriel/Zotero/storage/YL8KVC8C/Cavalcanti_2017_DÍVIDA PÚBLICA E CRESCIMENTO LIDERADO PELA DEMANDA NA PERSPECTIVA DO MODELO DO.pdf:application/pdf;Fulltext:/home/gabriel/Zotero/storage/993BWL4K/Cavalcanti - 2017 - DÍVIDA PÚBLICA E CRESCIMENTO LIDERADO PELA DEMANDA.pdf:application/pdf}
}

@thesis{da_silva_teixeira_crescimento_2015,
	location = {Rio de Janeiro},
	title = {Crescimento liderado pela demanda na economia norte-americana nos anos 2000: uma análise a partir do supermultiplicador sraffiano com inflação de ativos},
	shorttitle = {Crescimento liderado pela demanda na economia norte-americana nos anos 2000},
	institution = {Universidade Federal do Rio de Janeiro},
	type = {Tese (Doutorado)},
	author = {da Silva Teixeira, Lucas Azeredo},
	date = {2015},
	keywords = {{REVISTO}, {METADATA}},
	file = {da Silva Teixeira_2015_Crescimento liderado pela demanda na economia norte-americana nos anos 2000.pdf:/home/gabriel/Zotero/storage/T7G26XY3/da Silva Teixeira_2015_Crescimento liderado pela demanda na economia norte-americana nos anos 2000.pdf:application/pdf;Fulltext:/home/gabriel/Zotero/storage/ZH4I5ZIE/da Silva Teixeira - 2015 - Crescimento liderado pela demanda na economia nort.pdf:application/pdf}
}

@thesis{bastos_luciana_2007,
	title = {{LUCIANA} {DA} {SILVA} {FERREIRA}},
	institution = {Universidade Federal Fluminense},
	type = {phdthesis},
	author = {Bastos, Orientador Prof Carlos Pinkusfeld},
	date = {2007},
	keywords = {{REVER}},
	file = {Bastos_2007_LUCIANA DA SILVA FERREIRA.pdf:/home/gabriel/Zotero/storage/EKWC755J/Bastos_2007_LUCIANA DA SILVA FERREIRA.pdf:application/pdf;Fulltext:/home/gabriel/Zotero/storage/4NJDARUC/Bastos - 2007 - LUCIANA DA SILVA FERREIRA.pdf:application/pdf}
}

@book{piketty_o_2014,
	location = {Rio de Janeiro},
	title = {O capital no século {XXI}},
	publisher = {Intrínseca},
	author = {Piketty, Thomas},
	date = {2014},
	keywords = {{REVISTO}},
	file = {Piketty - 2014 - O capital no século XXI.pdf:/home/gabriel/Zotero/storage/PG9ZQJ58/Piketty - 2014 - O capital no século XXI.pdf:application/pdf}
}

@article{piketty_o_nodate,
	title = {O Capital no Século {XXI}},
	pages = {812},
	author = {Piketty, Thomas},
	langid = {portuguese}
}