
@article{brochier_endogenous_2018,
	title = {Endogenous autonomous expenditures in a Supermultiplier Stock-Flow Consistent model : an appraisal of growth and distribution effects = Gasto autônomo endógeno em um modelo supermultiplicador Stock-Flow Consistent : uma avaliação dos efeitos de crescimento e de distribuição},
	url = {http://repositorio.unicamp.br/jspui/handle/REPOSIP/331696},
	shorttitle = {Endogenous autonomous expenditures in a Supermultiplier Stock-Flow Consistent model},
	abstract = {Resumo: O modelo supermultiplicador (Serrano, 1995; Bortis, 1997) tem ganhado espaço no debate pós-keynesiano. Na sua versão mais recente, o modelo combina o gasto autônomo, que cresce a uma taxa dada exogenamente, com o comportamento harrodiano das firmas (Freitas, 2015; Allain, 2015; Lavoie, 2016). Isso permite que a capacidade se ajuste à demanda no longo prazo, com o grau de utilização retornando ao seu nível considerado normal. O pressuposto de que o crescimento do gasto autônomo é exógeno exclui, quase que por definição, a possibilidade de que alterações na distribuição de renda e nos gastos induzidos (nas propensões a gastar) tenham efeitos permanentes de crescimento. Além disso, tais modelos são, em sua maioria, modelos de fluxo que omitem os determinantes financeiros do gasto autônomo e as implicações das interações entre fluxos e estoques na economia. Levando isso em consideração, a tese se propõe a avaliar os resultados do modelo supermultiplicador quando o pressuposto original - de que o crescimento do componente autônomo de demanda é completamente exógeno - é relaxado. A tese ainda busca analisar as características do modelo supermultiplicador quando estendido a uma estrutura financeira mais complexa, que considere não apenas os fluxos e o estoque de capital, mas também os estoques financeiros. Adota-se para tal a metodologia Stock-Flow Consistent, que permite conciliar ambos objetivos. Procura-se mostrar que a endogeneização do gasto autônomo altera alguns resultados de longo prazo do modelo original. Isso significa que, assim como nos modelos neo-kaleckianos, é possível que, no modelo supermultiplicador, mudanças na distribuição de renda, assim como a expansão da demanda via propensões a gastar, tenham efeitos permanentes de crescimento. Os efeitos de crescimento são ainda reavaliados em uma estrutura que incorpora (a) o conflito distributivo entre trabalhadores e capitalistas, o crescimento endógeno da produtividade do trabalho e o emprego; (b) a interação entre duas economias semelhantes sob diferentes regimes cambiais. No capítulo dois, A Supermultiplier Stock-Flow Consistent model: the ''return'' of the paradoxes of thrift and costs in the long run?, o gasto autônomo é endogeneizado (consumo a partir da riqueza) e os paradoxos da poupança e dos custos são avaliados no longo prazo. Os resultados das simulações numéricas indicam que o paradoxo da poupança permanece válido e que uma parcela de lucros mais baixa pode estar associada a taxas mais elevadas de acumulação de capital, embora com taxas de lucro mais baixas. No capítulo três, Conficting-claims and labour market concerns in a Supermultiplier model, o modelo do capítulo dois é estendido para dar conta da dinâmica do mercado de trabalho. A inflação é incorporada no modelo via conflito distributivo entre trabalhadores e capitalistas e o crescimento endógeno da produtividade do trabalho é introduzido, configurando a endogeneização da distribuição de renda. No capítulo quatro, Growth and distribution in a Two-Country Supermultiplier Stock-Flow Consistent model, o modelo do capítulo 1 é estendido para um sistema de dois países com características semelhantes. Os resultados das simulações numéricas indicam que tanto uma redução no mark-up das firmas quanto o aumento na propensão a consumir a partir da renda têm efeito positivo de crescimento sobre as duas economias em ambos os regimes de câmbio, fixo e flutuante. Além disso, se a condição de Marshall-Lerner for válida, a economia que expande sua demanda doméstica ganha relativamente mais do que a economia parceira (aumenta a sua participação no estoque de capital do sistema). O regime de câmbio ainda influencia, além da distribuição de renda, a distribuição de riqueza entre as economias. Por fim, um estímulo coordenado à demanda faz ambas economias crescerem a uma taxa mais elevada em comparação a um choque isolado à demanda em uma das economias},
	author = {Brochier, Lídia},
	urldate = {2018-07-05},
	date = {2018},
	file = {Brochier_2018_Endogenous autonomous expenditures in a Supermultiplier Stock-Flow Consistent.pdf:/home/gabriel/Zotero/storage/KYVIF4XY/Brochier_2018_Endogenous autonomous expenditures in a Supermultiplier Stock-Flow Consistent.pdf:application/pdf;Snapshot:/home/gabriel/Zotero/storage/8ZDMSMQR/331696.html:text/html}
}