@Misc{ModeloIMECC,
    author = {Raniere Silva and Tiago Macedo and Júnior Soares and others},
    title = {Modelo de Dissertação/Tese do Instituto de
Matemática, Estatística e Computação Científica ({IMECC}) da Universidade Estadual
de Campinas ({UNICAMP})},
    year = {2013},
    url = {https://github.com/r-gaia-cs/modelo_tese_imecc},
}